2125 3534
1302 0 2125 216 ἦ

1049 246 1279 289 -94-

405 355 620 394 niensibus
638 354 892 406 Ionibusque
908 361 1117 406 praeerant
1130 358 1333 397 Aristides
1349 361 1389 397 et
1403 358 1516 397 Cimo
1531 368 1538 404 ;
1560 369 1772 396 summum
1790 359 1930 396 autem

407 420 575 459 navium
587 421 886 470 copiarumque
899 421 1120 471 imperium
1136 423 1366 469 Pausaniae,
1381 422 1793 461 Lacedaemoniorum
1804 422 1929 473 regis,

408 485 449 522 in
468 486 661 523 manibus
683 489 792 531 erat;
816 486 857 523 2⁰
875 487 1025 525 iterum
1048 488 1147 526 urbs
1165 491 1286 538 capta
1306 491 1369 527 est
1383 500 1407 526 a
1427 488 1594 526 Cimone
1614 487 1931 526 Atheniensium

408 550 529 589 classi
547 551 755 600 praefecto.
781 551 865 589 Sibi
886 553 1148 602 proponebat
1168 554 1280 592 Cimo
1308 553 1502 604 Byzantio
1523 552 1772 591 Pausaniam
1794 552 1932 602 expel-

406 614 505 661 lere,
526 615 597 665 qui
627 619 775 666 sponte
805 628 881 655 sua
911 620 951 655 et
980 618 1182 667 privatus,
1206 631 1288 657 non
1317 631 1342 657 a
1369 617 1680 656 Lacedaemonis
1709 617 1868 667 jussus,
1888 617 1930 654 in

408 679 554 718 urbem
573 681 768 727 redierat,
786 684 827 719 et
844 694 937 720 cum
954 682 1175 722 Persarum
1197 683 1456 734 principibus
1477 682 1739 721 clandestina
1758 681 1934 721 consilia

406 745 669 784 moliebatur.
683 746 780 792 Quae
796 747 938 785 omnia
952 760 1061 787 anno
1077 749 1240 787 circiter
1256 749 1332 786 470
1348 748 1525 799 (Olymp.
1542 748 1603 794 77,
1621 747 1659 799 3)
1686 750 1928 786 evenerunt.

404 811 455 848 At
475 810 789 860 expeditionum
818 812 983 850 illarum
1006 816 1154 852 neutra
1173 825 1267 852 cum
1295 813 1400 851 Sesti
1429 813 1752 863 expugnatione,
1776 813 1818 850 in
1847 824 1932 863 qua

404 875 575 926 insuper
595 877 708 915 Cimo
728 877 981 916 exercitibus
1002 890 1083 916 non
1105 882 1297 928 praeerat,
1320 890 1548 928 congruere
1568 880 1718 927 potest.

456 942 557 979 Rem
588 942 784 992 expedire
812 943 938 981 variis
971 943 1106 981 modis
1137 947 1349 982 tentavere
1380 943 1457 981 viri
1490 943 1616 988 docti,
1648 942 1866 982 Kirchhoff
1891 945 1932 981 et

404 1007 447 1044 E.
468 1007 645 1045 Curtius.
671 1007 855 1053 Quorum
886 1007 1004 1053 alter,
1028 1008 1245 1047 Kirchhoff
1270 1008 1441 1053 scilicet,
1475 1008 1713 1058 suspicatur
1745 1007 1810 1046 bis
1837 1019 1932 1057 cap-

405 1074 489 1109 tam
511 1083 601 1111 esse
620 1072 798 1111 Sestum.
816 1073 904 1111 Non
924 1072 1009 1119 diu,
1033 1073 1183 1123 inquit,
1201 1074 1305 1111 Sesti
1325 1076 1646 1123 permanserant
1658 1072 1934 1111 Athenienses

404 1140 629 1187 postquam
650 1150 674 1175 a
693 1138 933 1188 Xanthippo
955 1141 1077 1188 capta
1106 1142 1208 1184 erat,
1232 1151 1341 1177 anno
1371 1139 1468 1185 4783
1492 1138 1640 1177 urbem
1670 1150 1767 1177 vero
1789 1138 1932 1177 Cimon

405 1202 556 1241 iterum
593 1203 849 1254 expugnavit
877 1215 986 1241 anno
1015 1204 1104 1249 470,
1134 1216 1229 1242 cum
1258 1204 1460 1242 adversus
1493 1203 1743 1242 Pausaniam
1776 1202 1933 1241 bellum

405 1267 533 1317 gessit
550 1270 591 1306 et
611 1280 705 1305 eum
725 1269 920 1319 Byzantio
943 1268 1103 1318 expulit
1125 1269 1151 1306 ¹.
1176 1269 1253 1314 Qui
1275 1269 1307 1307 si
1330 1281 1427 1307 vera
1445 1269 1653 1319 exposuit,
1677 1268 1932 1306 arbitremur

404 1344 573 1371 necesse
594 1336 658 1372 est
677 1333 928 1379 convivium,
951 1334 1016 1371 cui
1035 1333 1170 1372 adfuit
1192 1334 1278 1379 Ion,
1300 1337 1394 1383 post
1415 1347 1572 1372 annum
1591 1334 1667 1372 470
1685 1333 1889 1372 evenisse.

456 1399 620 1437 Curtius
649 1410 746 1437 vero
780 1399 977 1448 opinatur
1006 1411 1131 1448 prave
1164 1399 1357 1438 retulisse
1390 1399 1659 1438 Plutarchum
1691 1412 1784 1450 quae
1818 1398 1931 1450 apud

404 1463 546 1502 Ionem
566 1463 748 1514 legisset.
773 1465 861 1502 Non
885 1463 934 1502 de
957 1462 1077 1513 Sesti,
1105 1464 1177 1502 sed
1200 1464 1249 1503 de
1270 1463 1417 1503 Eion-is
1447 1465 1757 1516 expugnatione
1788 1465 1932 1503 Ionem

402 1529 587 1567 locutum
606 1540 696 1567 esse
712 1533 832 1579 putat
849 1541 856 1567 :
881 1542 973 1580 quae
992 1529 1154 1581 Olymp.
1173 1531 1236 1576 77,
1253 1530 1275 1568 3
1299 1528 1498 1582 (mo-469)
1522 1531 1674 1578 evenit,
1692 1535 1738 1569 ut
1757 1532 1934 1582 apparet

403 1607 452 1634 ex
474 1595 597 1634 certis
620 1595 873 1633 testimoniis
894 1595 922 1633 2.

451 1662 503 1699 At
522 1660 626 1698 nihil
647 1660 887 1711 expressius
906 1672 995 1699 esse
1015 1663 1154 1710 potest
1171 1672 1298 1711 quam
1321 1660 1548 1707 Plutarchi,
1572 1664 1644 1700 aut
1662 1661 1773 1701 Ionis
1794 1674 1819 1701 a
1839 1661 1931 1700 Plu-

401 1727 544 1765 tarcho
576 1725 750 1771 laudati,
786 1725 935 1772 verba;
966 1737 1101 1776 neque
1125 1725 1195 1764 illa
1221 1726 1342 1765 nobis
1372 1726 1569 1765 videntur
1590 1727 1793 1766 mutanda
1819 1738 1924 1766 esse.

400 1790 616 1829 Kirchhoff
631 1791 758 1841 igitur
775 1794 989 1829 auctorem
1011 1791 1157 1836 secuti,
1175 1791 1386 1830 credimus
1407 1791 1572 1830 Sestum
1593 1792 1744 1831 iterum
1763 1795 1929 1843 captam

401 1867 514 1903 esse3
538 1859 581 1894 at
601 1855 713 1894 illam
736 1855 911 1894 alteram
927 1856 1282 1907 expugnationem
1310 1857 1360 1895 de
1383 1869 1466 1907 qua
1486 1856 1672 1907 loquitur
1699 1858 1762 1896 vir
1783 1857 1931 1897 doctus

401 1921 655 1960 arbitramur
676 1921 864 1960 evenisse
887 1925 982 1960 ante
1010 1934 1167 1960 annum
1191 1923 1280 1960 470.
1311 1922 1356 1959 In
1385 1922 1595 1969 eumdem,
1624 1923 1666 1960 ni
1696 1922 1833 1969 fallor,
1856 1935 1930 1961 an-

401 1999 500 2025 num
529 1986 689 2033 incidit,
713 1998 795 2036 quo
821 1986 1054 2037 conjunctae
1082 1987 1510 2033 Lacedaemoniorum,
1538 1988 1857 2027 Atheniensium
1889 1991 1931 2027 et

400 2052 547 2090 Ionum
568 2051 677 2090 vires
699 2052 893 2102 Byzantio
916 2065 1000 2091 una
1026 2053 1168 2102 potitae
1195 2056 1307 2098 sunt,
1337 2064 1550 2091 summum
1580 2053 1803 2103 imperium
1825 2053 1931 2092 obti-

399 2117 596 2155 nentibus
618 2116 827 2155 Pausania
846 2116 1259 2156 Lacedaemoniorum
1280 2129 1392 2168 rege,
1415 2117 1596 2157 Aristide
1618 2121 1659 2157 et
1679 2119 1862 2166 Cimone,
1885 2118 1928 2157 id

399 2183 520 2222 estin
543 2194 699 2220 annum
720 2183 809 2221 476.

450 2248 608 2294 Quibus
638 2248 764 2287 rebus
795 2247 848 2286 ad
877 2249 983 2287 hanc
1017 2248 1258 2299 opinionem
1289 2248 1476 2288 adducar
1510 2249 1634 2289 liceat
1668 2261 1880 2300 apponere
1914 2260 1923 2287 ι

397 2313 690 2352 1⁰Admodum
721 2313 807 2352 veri
837 2313 974 2352 simile
1003 2317 1066 2352 est
1093 2314 1269 2353 alteram
1296 2314 1402 2353 Sesti
1432 2315 1787 2366 expugnationem
1820 2314 1929 2353 inter

395 2378 532 2428 prima
551 2379 750 2417 militaria
769 2379 956 2418 facinora
984 2380 1112 2418 fuisse
1134 2391 1225 2429 quae
1245 2379 1358 2418 Cimo
1380 2379 1510 2430 gessit
1528 2378 1700 2429 strategi
1722 2378 1810 2417 vice
1837 2378 1929 2417 fun-

395 2456 510 2495 gens.
535 2444 782 2482 Plutarchus
804 2444 915 2483 enim
937 2445 1076 2483 verbis
1091 2457 1183 2495 quae
1203 2444 1355 2490 locum,
1374 2444 1424 2482 de
1444 2456 1526 2494 quo
1548 2444 1726 2494 agimus,
1748 2455 1930 2493 sequun-

395 2512 476 2555 tur,
497 2512 537 2547 et
557 2521 649 2560 quae
670 2510 811 2549 forsan
833 2522 883 2549 ex
902 2511 999 2549 Ione
1022 2511 1111 2560 ipso
1140 2511 1327 2561 profecta
1348 2510 1433 2549 sint
1450 2509 1564 2560 quod
1591 2509 1644 2547 ad
1675 2509 1928 2548 sententiam

394 2575 557 2621 attinet,
592 2578 735 2625 aperte
768 2575 977 2626 significat
1010 2579 1135 2614 antea
1167 2576 1380 2615 Cimonem
1413 2575 1677 2614 fortunarum
1713 2576 1929 2624 expertem

394 2640 545 2687 fuisse,
581 2643 676 2692 post
707 2653 805 2680 vero
842 2641 947 2680 Sesti
985 2641 1255 2693 Byzantiique
1289 2640 1644 2692 expugnationem
1679 2639 1836 2678 divitiis
1869 2639 1928 2678 ita

434 2815 461 2844 1.
483 2811 672 2850 Kirchhoff,
696 2810 868 2843 Abhandl.
893 2811 1021 2843 Berlin.
1044 2811 1167 2851 Ast-ad„
1194 2812 1283 2850 1873,
1298 2822 1331 2854 p.
1351 2813 1401 2849 24,
1424 2820 1503 2843 cum
1523 2813 1616 2844 nota.

433 2863 462 2892 2.
485 2861 635 2899 Curtius,
659 2860 810 2891 Histoire
829 2868 984 2901 meoque,
1004 2859 1045 2897 Il,
1066 2869 1099 2901 p.
1118 2860 1177 2891 377
1200 2859 1563 2900 (Bouche—Leclercq).
