2125 3534
1041 267 1270 311 „23-

391 382 452 425 tia
483 397 575 425 non
609 385 847 425 moveatur
869 381 897 424 ¹.
930 381 1004 433 At,
1028 381 1076 423 ni
1109 380 1256 432 fallor,
1289 378 1483 437 lyricum
1518 375 1733 435 quiddam
1767 375 1922 419 omnia

389 453 484 496 haec
512 453 730 502 redolent,
757 457 799 495 et
825 452 924 510 ejus
946 452 1067 495 modi
1094 455 1199 494 sunt
1228 465 1325 508 quae
1354 451 1400 492 in
1423 449 1561 492 choro
1590 447 1922 506 dithyrambico

390 539 473 567 nos
492 539 583 567 non
605 523 898 566 offenderent.
918 523 1017 566 Non
1044 522 1189 580 potuit
1209 522 1305 573 lon,
1330 525 1377 564 ut
1400 519 1592 571 videtur,
1618 519 1662 561 in
1685 518 1922 565 scribendo

392 594 579 637 omnino
607 609 767 637 exuere
797 594 1042 653 lyricorum
1077 593 1334 636 carminum
1370 591 1570 633 indolem
1607 604 1704 647 quae
1738 593 1836 632 tum
1869 588 1924 631 ad

391 665 637 724 perfectam
660 666 855 724 speciem
883 680 908 708 a
929 665 1118 708 summis
1141 665 1265 716 viris,
1292 663 1486 706 Pindaro
1509 665 1552 704 ct
1573 660 1821 713 Simonide,
1845 659 1924 703 ad-

392 735 526 780 ducta
547 741 697 789 erant,
723 741 855 794 atquc
878 737 938 779 ita
959 736 1098 780 colori
1126 736 1292 787 ionico,
1316 749 1451 792 quem
1479 732 1742 785 retinuerat,
1764 731 1925 774 misce-

390 808 465 852 bat
486 808 656 866 aliquid
683 807 981 866 splendidius,
1007 807 1136 864 quale
1159 806 1347 865 probare
1378 809 1474 848 tum
1509 803 1716 846 solebant
1752 801 1925 845 assidui

392 879 782 939 dithyramborum
799 882 1089 937 spectatores.
1110 877 1209 920 Non
1233 881 1385 919 tamen
1407 877 1523 919 ultra
1539 875 1726 918 modum
1749 873 1925 917 tumido

390 951 457 993 illi
473 952 626 1009 generi
642 950 861 1002 inserviit,
878 949 954 993 sed
969 953 1147 992 tantum
1160 948 1265 991 inde
1281 948 1488 1006 sumpsit,
1505 950 1725 1005 quantum
1741 959 1925 988 necesse

394 1026 510 1066 esset
539 1022 592 1064 ad
623 1021 877 1080 augendam
910 1025 953 1064 et
985 1020 1273 1064 reficiendam
1308 1019 1585 1062 senescentis
1609 1017 1705 1076 jam
1738 1016 1926 1075 elegiaci

392 1094 608 1138 carminis
628 1094 843 1137 virtutem
862 1096 994 1150 atque
1015 1092 1174 1143 robur;
1200 1106 1341 1149 coque
1363 1091 1507 1148 magis
1531 1088 1786 1133 laudandus
1807 1088 1855 1130 in
1876 1102 1928 1131 ea

392 1180 438 1209 re
459 1164 652 1217 videtur,
675 1163 791 1222 quod
815 1163 1005 1206 arduum
1030 1166 1123 1206 erat
1146 1162 1391 1220 descriptas
1425 1176 1613 1220 operum
1634 1160 1756 1204 vices
1778 1159 1927 1203 obser-

392 1251 498 1279 vare
519 1236 566 1278 in
593 1235 678 1278 hoc
705 1239 829 1277 tanto
852 1234 1004 1293 lyricae
1037 1237 1079 1276 et
1109 1233 1298 1276 scenica,¹
1327 1233 1473 1292 poesis
1506 1232 1659 1275 favore
1694 1234 1735 1274 et
1765 1230 1924 1289 gratia.
1972 1270 1980 1278 ,

392 1307 517 1350 Inter
536 1306 808 1350 novissimos
823 1305 1072 1363 elegiarum
1094 1304 1336 1362 scriptores
1348 1304 1430 1346 Ion
1451 1302 1744 1347 annumerari
1763 1303 1924 1360 potest.

393 1378 437 1421 Si
460 1378 535 1436 qui
564 1377 719 1421 eadem
740 1380 869 1419 aetate
902 1379 979 1418 aut
1006 1375 1159 1434 paucis
1189 1379 1288 1433 post
1320 1375 1452 1418 annis
1485 1375 1684 1433 aliquam
1712 1373 1818 1416 huic
1849 1387 1928 1432 ge-

392 1450 490 1493 neri
518 1463 701 1508 operam
722 1447 994 1499 tribuerunt,
1019 1450 1095 1489 aut
1112 1445 1324 1489 videntur
1349 1446 1380 1488 ii
1403 1445 1753 1490 delectationem
1778 1446 1929 1505 potius

392 1519 447 1563 ad
473 1520 607 1563 breve
635 1524 678 1562 et
699 1519 913 1578 exiguum
934 1522 1113 1577 tempus
1134 1518 1411 1576 quaesivisse,
1435 1522 1485 1561 ut
1507 1518 1688 1571 Critias;
1713 1521 1791 1561 aut
1814 1517 1929 1560 nihil

387 1590 484 1649 jam
512 1606 565 1634 ex
586 1591 771 1649 antiqua
797 1590 961 1634 veteris
992 1590 1146 1648 elegiae
1176 1589 1330 1632 indole
1358 1589 1572 1642 retinent,
1600 1593 1651 1632 ut
1681 1589 1928 1648 Dionysius

393 1663 600 1715 Chalcus,
614 1661 744 1719 cujus
761 1665 969 1720 poemata
984 1660 1138 1720 lyricis
1155 1660 1434 1703 carminibus
1451 1661 1659 1719 propiora
1672 1663 1779 1703 sunt
1793 1674 1928 1718 quam

393 1733 563 1791 elegiis.
589 1733 670 1775 Ion
693 1732 787 1790 ipse
810 1732 998 1774 fortasse
1026 1746 1119 1774 non
1149 1730 1402 1774 diutissime
1425 1731 1530 1773 huic
1563 1731 1750 1789 antiquo
1773 1730 1929 1790 generi

392 1805 662 1848 immoratus
679 1807 760 1853 est,
782 1806 825 1846 et
844 1802 967 1846 brevi
986 1817 1031 1845 se
1051 1801 1106 1845 ad
1134 1802 1221 1845 alia
1242 1802 1465 1845 convertit
1485 1802 1532 1844 in
1554 1802 1714 1860 quibus
1737 1805 1930 1845 tractan-

394 1875 460 1919 dis
481 1874 704 1933 majorem
726 1889 771 1918 56
794 1873 1046 1918 confidebat
1068 1873 1187 1933 apud
1207 1873 1403 1932 aequales
1431 1888 1536 1917 suos
1558 1873 1727 1918 famam
1749 1888 1845 1917 esse
1863 1888 1930 1917 as-

393 1950 671 1991 secuturum.

435 2079 460 2110 1.
488 2077 522 2110 Si
542 2087 663 2109 vocem
682 2078 759 2119 βοῆς
784 2075 974 2118 exceperis,
995 2085 1073 2116 quae
1093 2084 1219 2117 parum
1239 2074 1382 2117 proprie
1406 2075 1546 2108 videtur
1573 2075 1610 2107 in
1634 2075 1699 2108 hoc
1725 2075 1801 2108 loco
1821 2084 1928 2107 usur-

392 2128 473 2168 pata
497 2135 583 2164 esse,
605 2135 675 2157 non
702 2125 801 2156 video
831 2124 914 2164 quid
942 2123 1152 2165 reprehendi
1177 2123 1289 2165 possit
1316 2123 1352 2154 in
1376 2123 1430 2154 his
1458 2123 1617 2155 versibus
1644 2123 1926 2165 elegantissimis.

393 2175 440 2205 De
458 2175 530 2205 toto
552 2173 628 2204 loco
655 2172 777 2203 scribit
795 2171 973 2212 Koepkius
992 2171 1063 2212 (op.
1085 2171 1193 2208 laud„
1216 2180 1249 2212 p.
1267 2171 1317 2211 54)
1338 2181 1344 2201 :
1367 2184 1382 2198 «
1408 2171 1553 2202 Dicendi
1573 2181 1683 2213 genus
1701 2172 1875 2203 tumidum
1896 2173 1930 2203 et

392 2221 559 2262 frigidum
580 2222 613 2252 et
636 2220 825 2252 artificiose
847 2219 1009 2260 petitum,
1035 2228 1104 2259 quo
1127 2219 1265 2259 singula
1291 2218 1396 2249 nimis
1420 2219 1588 2258 quiddam
1609 2219 1787 2260 accipiunt
1807 2218 1928 2258 dithy-

392 2269 588 2301 rambicum
619 2277 723 2308 quam
749 2267 843 2308 quod
865 2267 901 2297 in
922 2266 1040 2307 elegiis
1066 2265 1320 2307 componendis
1340 2275 1411 2297 non
1432 2266 1706 2308 vituperandum
1730 2268 1821 2298 esset
1841 2280 1867 2297 ».
1890 2266 1929 2297 In

394 2316 509 2348 medio
529 2316 621 2348 inter
637 2315 926 2356 Nieberdingium
953 2316 987 2346 et
1006 2313 1205 2355 Koepkium
1229 2313 1414 2353 stabimus,
1436 2314 1464 2346 si
1490 2323 1570 2346 vere
1596 2315 1755 2356 Judicare
1775 2314 1929 2347 volueri-

394 2375 483 2397 mus.
