2125 3534
418 371 532 415 Acta
570 372 636 413 est
672 371 823 412 autem
858 368 1059 421 Hecuba,
1096 367 1244 427 quoad
1282 366 1536 425 conjectare
1580 366 1699 420 licet,
1738 366 1807 411 Ol.
1843 369 1897 411 88

361 444 499 503 (anno
529 442 708 485 circiter
739 441 838 498 424)
865 441 893 482 ¹.
918 440 1208 483 Excubitor-es
1228 440 1349 483 haud
1380 439 1626 482 absurdum
1657 442 1723 481 est
1748 441 1898 497 poste-

359 515 452 558 rius
478 516 658 556 tantum
683 512 730 553 in
747 525 932 554 scenam
954 511 1164 554 inductos
1191 526 1287 554 esse
1311 510 1531 563 arbitrari,
1559 509 1727 554 cumin
1745 509 1896 562 Remis,

360 585 406 629 id
436 588 502 628 cst
533 598 653 627 anno
690 582 846 641 406s5,
884 582 1095 626 laudetur
1121 582 1243 625 Ionis
1276 597 1434 626 versus
1467 596 1521 624 ex
1560 596 1609 624 ea
1637 580 1789 624 fabula
1822 595 1899 639 pe-

362 657 485 700 titus.
511 654 684 707 Quibus
704 653 916 697 omnibus
937 654 1055 697 inter
1075 669 1120 697 se
1143 654 1333 706 collatis,
1360 668 1410 696 eo
1430 652 1699 696 adducimur
1727 655 1776 694 ut
1796 666 1901 695 con-

359 726 604 785 jicianmus
635 724 753 783 apud
776 725 1039 784 Euripidem
1075 725 1225 784 ipsum
1260 724 1422 768 fabulae
1460 739 1552 767 suae
1579 726 1902 782 argumentum

364 798 522 842 Ionem
543 796 787 849 invenisse,
813 800 855 839 et
876 797 1064 840 eximios
1086 796 1188 839 illos
1215 796 1368 839 aemuli
1391 795 1459 839 sui
1479 810 1636 839 versus
1660 795 1708 838 in
1739 798 1905 853 tragoe-

366 868 449 913 diae
481 868 679 926 speciem
710 867 1106 926 amplificavissess.
1142 867 1368 919 Ceteium,
1394 865 1490 924 jam
1520 866 1568 908 in
1608 866 1836 924 Odyssea³
1863 869 1906 909 et

365 940 414 983 in
442 942 588 982 Pansa
620 938 760 981 Iliade
790 954 814 982 a
840 939 1013 983 Lesche
1044 939 1332 998 composita'*
1364 941 1457 981 tota
1493 952 1563 980 res
1593 937 1740 980 fuciat
1766 951 1903 996 expo-

365 1012 464 1063 sita,
489 1010 566 1053 sed
596 1010 741 1053 multo
769 1010 922 1054 minus
949 1011 1134 1069 tiagicc,
1172 1025 1278 1053 cum
1305 1010 1390 1068 Uly
1395 1024 1487 1052 sscs
1520 1008 1705 1052 Helenae
1726 1011 1904 1051 tantum

367 1084 638 1133 occurreret,
672 1095 818 1139 neque
851 1096 1043 1140 usquam
1079 1083 1341 1124 narraretur
1367 1094 1520 1123 coram
1548 1079 1734 1123 Hecuba
1768 1078 1906 1122 adsti-

367 1153 473 1195 tisse
496 1156 526 1195 5.
552 1152 670 1204 Quid
701 1151 839 1194 vero?
860 1150 924 1192 De
948 1164 1035 1207 qua
1064 1149 1152 1191 alia
1179 1163 1373 1206 persona
1402 1147 1686 1191 commodius
1724 1147 1907 1191 Helenae

369 1223 522 1277 verba,
548 1238 573 1266 a
591 1222 836 1266 scholiasta
854 1219 1036 1263 laudata

687 1322 767 1368 σιγᾷ
789 1318 864 1366 μὲν,
889 1316 1044 1368 ἐχθαίρει
1067 1314 1117 1361 δὲ,
1143 1315 1309 1364 fidele-„2¹1
1331 1329 1370 1365 γε
1394 1315 1462 1362 μήν

375 1409 462 1453 dici
484 1410 705 1467 poterant,
730 1420 867 1464 quam
895 1404 948 1447 de
976 1403 1177 1457 Hecuba,
1203 1403 1257 1447 ad
1285 1402 1415 1460 cujus
1442 1416 1590 1461 genua
1612 1401 1818 1460 supplex,
1842 1400 1912 1444 in-

377 1485 443 1523 ter
462 1483 636 1522 metum
658 1482 701 1521 et
730 1492 856 1535 spem
878 1476 955 1519 diu
982 1491 1246 1534 suspensus,
1271 1473 1567 1518 accumbebat
1597 1473 1808 1532 Ulysses‘?
1834 1472 1914 1514 His

376 1551 526 1595 verbis
560 1548 844 1608 significabat
884 1547 1057 1590 Helena
1094 1546 1303 1605 precibus
1342 1545 1510 1588 victam
1546 1544 1780 1587 Hecubam
1820 1558 1916 1586 esse

378 1626 421 1666 et
446 1621 618 1681 Ulyssis
651 1620 857 1663 animum
888 1618 1138 1662 conabatur
1164 1618 1350 1675 erigere.
1381 1616 1498 1669 Non,
1528 1615 1804 1669 mehercule,
1831 1614 1915 1658 du-

375 1695 506 1738 bitari
529 1707 659 1752 posse
682 1690 814 1735 credo
837 1690 946 1748 quin
966 1690 1025 1732 ita
1042 1704 1087 1732 se
1111 1704 1180 1731 rcs
1200 1688 1409 1731 habuerit
1426 1688 1472 1730 in
1490 1687 1613 1730 Ionis
1639 1686 1861 1745 tragoedia
1881 1687 1909 1729 ⁶.

431 1765 532 1808 Non
571 1764 758 1806 deerant
795 1765 996 1805 ceterum
1033 1760 1131 1803 Ioni
1180 1760 1364 1811 auxilia,
1401 1758 1566 1817 quibus
1605 1756 1786 1815 adjutus
1824 1757 1916 1800 exi-

375 1837 519 1880 mium
544 1850 656 1894 opus
678 1833 894 1877 conderet
916 1847 923 1875 :
949 1831 1004 1875 ad
1026 1831 1145 1889 quod
1167 1830 1497 1890 perficiendum
1524 1829 1637 1873 libro
1661 1828 1815 1872 Iliadis
1838 1828 1915 1872 de-

377 1908 494 1951 cimo
521 1906 585 1949 uti
614 1908 802 1964 poterat,
834 1905 881 1946 in
910 1919 996 1961 quo
1030 1906 1241 1945 narratur
1276 1900 1509 1945 Diomedis
1543 1904 1585 1943 et
1604 1900 1778 1960 Ulyssis
1811 1914 1917 1943 noc-

376 1983 563 2023 turnum
593 1977 678 2021 iter
716 1976 771 2020 ad
803 1974 1105 2034 Trojanorum
1146 1974 1318 2017 moenia
1358 1972 1666 2032 pergentium,
1702 1975 1752 2015 ut
1783 1971 1918 2014 Rhesi

422 2164 449 2194 1.
467 2160 551 2194 Vide
565 2160 605 2192 ΙΙ.
627 2160 730 2198 Weil,
747 2160 827 2201 Sept
850 2159 1031 2199 Tra96'clies
1047 2157 1259 2199 d’Euripide,
1275 2167 1307 2198 p.
1331 2157 1389 2188 209
1409 2165 1486 2197 sqq.

422 2211 451 2241 2.
474 2209 624 2242 Omnino
641 2209 848 2239 erraverunt
866 2207 902 2238 in
918 2216 981 2239 sua
994 2206 1241 2238 Eoecubitorum
1255 2204 1548 2245 interpretatione
1562 2203 1830 2245 Nieberdingius
1846 2203 1917 2245 (op.

382 2257 489 2295 laud.,
522 2267 554 2298 p.
582 2256 632 2297 41)
662 2258 696 2287 ct
726 2255 895 2296 Koepkius
917 2255 986 2296 (op.
1011 2254 1116 2292 laud,
1138 2264 1170 2295 p.
1199 2254 1248 2284 45.
1272 2252 1318 2283 Cf.
1341 2251 1552 2292 Zeitsclzrift.
1583 2253 1608 2293 f.
1636 2251 1801 2289 Alterth„
1831 2252 1921 2291 1836,

383 2310 423 2336 n⁰
439 2305 499 2345 74).
521 2304 674 2343 Uterque
695 2303 819 2334 statuit
834 2302 927 2333 iden]
946 2302 1071 2333 fabulae
1093 2301 1340 2342 argumentum
1355 2299 1474 2336 fuisse,
1493 2299 1586 2339 quod
1612 2301 1825 2331 tractaverat
1845 2300 1920 2330 AEs-

384 2354 508 2394 chylus
526 2353 563 2384 in
582 2353 735 2393 Ἕκτορος
748 2351 888 2392 λύτροις.
908 2351 1040 2382 Chorus
1059 2349 1149 2382 haud
1169 2348 1273 2380 dubie
1287 2357 1305 2379 0
1325 2346 1530 2379 custodibus
1545 2347 1705 2387 Trojanis
1726 2346 1922 2386 constabat,

384 2411 472 2443 quos
488 2401 577 2432 dolis
599 2400 671 2431 suis
693 2400 835 2439 Ulysses
856 2399 1037 2430 fefellerat.

425 2450 453 2480 3.
477 2449 639 2487 Odyssea,
664 2448 792 2485 1V,242
814 2456 891 2487 sqq.

423 2499 453 2527 4.
472 2496 616 2530 Croiset,
635 2495 723 2526 Hist.
742 2495 782 2525 (le
805 2494 838 2525 la
859 2494 1016 2525 Litteras.
1033 2501 1145 2534 97²ecq.
1167 2492 1191 2522 I.
1214 2501 1247 2532 p.
1274 2491 1344 2522 439.

447 2544 594 2574 Pauae
616 2542 733 2573 Iliadis
749 2551 923 2573 summam
944 2541 1102 2572 continet
1120 2538 1273 2576 Proclus,
1297 2538 1498 2575 Clzrestom„
1519 2546 1551 2578 p.
1577 2536 1649 2574 460,
1677 2535 1769 2577 apud
1789 2535 1923 2575 Nauck,

384 2592 431 2623 Fv
433 2602 522 2632 (19772
548 2591 678 2630 Ttaqz'c.
697 2600 810 2631 9r’uoec.
838 2600 870 2631 p.
893 2591 982 2620 741
1005 2588 1138 2619 Οδυ-σε
1142 2589 1174 2621 ὺς
1205 2586 1236 2616 δὲ
1263 2585 1291 2615 αἲ
1286 2597 1328 2616 κ’.
1334 2587 1414 2625 σάμε
1417 2595 1468 2619 νος
1488 2584 1614 2621 ἑαυτὸν,
1644 2584 1854 2618 κατάσκοπος
1883 2584 1926 2619 ἐἰς

383 2639 510 2670 'Duom
499 2638 654 2680 παραγῐνε
659 2649 722 2669 ται.
749 2639 803 2668 καὶ
819 2637 973 2678 ἀναγνωρι
966 2614 1043 2667 sest.
1036 2647 1059 2671 ς
1080 2636 1130 2666 ὑφ’
1148 2635 1315 2672 Ἑλένπτς
1321 2645 1365 2674 ερι
1379 2644 1436 2671 τΓς
1456 2632 1604 2666 ἁλώσεως
1629 2642 1685 2669 της
1705 2631 1832 2666 πόλεως
1853 2642 1927 2662 συν-

384 2696 414 2717 τ’.
407 2687 448 2717 ίεθ
453 2698 516 2721 ται,
535 2686 660 2720 κτείνας
680 2686 713 2716 τέ
733 2696 761 2715 τι
765 2696 819 2719 νςα
840 2686 900 2715 τῶν
915 2684 1037 2725 Τρώων,
1054 2684 1108 2714 ἐπὶ
1128 2684 1182 2717 τὰς
1200 2684 1274 2717 ναῦς
1290 2682 1343 2723 ἀφ’.
1337 2693 1401 2713 *ms
1405 2683 1482 2712 ἴται.
1500 2681 1572 2712 Hoc
1589 2680 1715 2712 fahulae
1734 2689 1923 2721 argumen-

386 2736 461 2766 tum
482 2734 590 2765 tuisse
605 2734 771 2775 opinatur
784 2733 828 2764 W
833 2713 1019 2770 elckeiius,
1037 2731 1092 2762 (Ite
1111 2741 1152 2771 9²
1156 2731 1238 2762 icch.
1263 2733 1376 2772 qu„
1400 2740 1434 2772 p.
1454 2730 1512 2761 948
1532 2738 1609 2770 sqq.
1634 2746 1673 2752 ——
1692 2728 1740 2760 Cf.
1766 2728 1925 2768 Rhesum,

388 2783 457 2819 710,
478 2782 514 2813 in
529 2791 598 2822 quo
615 2781 692 2812 loco
706 2781 799 2812 idem
822 2780 957 2820 Ulyssis
980 2779 1117 2811 facinus
1139 2781 1369 2811 memoratur.

429 2830 458 2860 6.
486 2829 540 2860 Sic
565 2837 704 2870 quoque
724 2827 847 2861 statuit
865 2828 901 2859 F.
924 2826 1120 2866 SchoelliuS,
1149 2826 1251 2858 Ueber
1274 2827 1333 2858 Ion
1360 2835 1423 2858 von
1451 2824 1556 2857 Chius
1580 2823 1819 2865 (Rheinz'sclzes
1845 2824 1922 2855 Mu-

389 2886 495 2915 seum,
511 2876 611 2918 1877).

2116 1402 2125 1661 uh*

2116 1672 2125 1780 ‘x-
