2125 3534
1081 283 1283 326 -ss-

415 408 598 439 morum
619 391 698 436 illa
728 391 921 436 facilitas
942 396 985 435 et
1005 391 1167 450 judicii
1199 392 1439 446 subtilitas,
1464 392 1652 436 comitas
1673 394 1751 438 illa
1771 410 1943 440 sermo-

415 479 526 509 num
546 464 860 508 amantissima
880 478 977 522 quae
1003 467 1101 507 tum
1127 463 1175 506 in
1201 463 1377 507 levibus
1398 463 1648 522 lepidisque
1675 465 1823 520 rebus,
1847 470 1944 511 tum

413 537 461 580 in
488 536 615 580 seriis
649 535 950 595 gravibusque
979 535 1298 579 controversiis
1320 535 1580 588 delectatur,
1611 539 1654 578 et
1682 552 1768 594 qua
1799 537 1943 581 multo

413 607 559 666 magis
601 607 789 650 fortasse
830 606 972 650 animi
1012 606 1270 666 proficiunt,
1308 620 1444 666 quam
1477 606 1644 650 severis
1689 607 1946 666 strictisque

413 681 744 739 praeceptorum
762 677 1052 736 adjumentis.

471 748 741 808 Quanquam
774 763 826 792 ea
857 748 956 807 ipsa
987 748 1250 807 adjumenta
1282 747 1476 792 Athenis
1509 762 1603 791 non
1636 747 1904 792 deficiebant
1935 762 1944 792 ε

412 821 537 864 testis
559 824 623 863 est
640 820 782 863 Lasus
805 820 1162 873 Hermionensis,
1183 820 1299 880 apud
1322 835 1458 878 quem
1479 819 1701 863 Pindarus
1720 819 1816 877 jam
1839 820 1948 863 artis

414 907 504 936 suae
539 892 761 935 elementa
794 891 1032 945 didicerat;
1070 896 1205 935 testes
1243 891 1547 950 Apollodorus
1582 894 1624 934 et
1656 891 1944 949 Agathocles,

412 966 547 1006 testes
577 963 623 1005 in
653 964 811 1022 primis
840 964 1015 1006 Damon
1037 967 1079 1006 et
1100 963 1388 1023 Pythoclides
1409 963 1501 1020 qui,
1528 962 1610 1005 sub
1632 962 1719 1005 levi
1749 962 1949 1006 musico—

413 1049 515 1078 rum
534 1035 696 1093 specie,
716 1034 928 1078 eximiam
952 1034 1328 1093 philosophorum
1349 1034 1615 1092 gravitatem
1632 1036 1674 1075 et,
1695 1032 1947 1077 doctrinam

413 1105 733 1159 recondebant,
751 1105 1058 1164 juvenemque
1081 1105 1302 1149 Periclem
1329 1104 1384 1149 ad
1406 1119 1501 1148 rem
1532 1104 1762 1164 publicam
1783 1118 1947 1163 geren-

413 1176 517 1220 dam
539 1177 786 1221 informare
809 1180 1039 1236 coeperant
1057 1177 1086 1220 ¹.

558 1397 579 1452 g
608 1397 646 1439 3.
679 1422 736 1427 —
760 1396 879 1437 Inter
907 1396 1056 1437 Ionem
1084 1403 1124 1437 et
1154 1394 1382 1437 Cimonem
1409 1394 1549 1438 oritur
1577 1394 1804 1447 amicitia,-

616 1467 737 1511 Ionis
768 1482 867 1510 cum
900 1465 1108 1524 AEscleylo
1141 1474 1182 1508 et
1213 1466 1427 1525 Sophocle
1460 1465 1743 1509 consuetudo.

471 1633 579 1687 Quae
612 1648 717 1677 cum
746 1633 807 1676 ita
838 1635 1000 1685 essent,
1038 1646 1132 1675 non
1164 1631 1335 1675 mirum
1365 1635 1432 1675 est
1465 1631 1807 1685 Orthomenem,
1840 1646 1952 1690 prae-

413 1705 567 1749 sertim
589 1720 693 1748 cum
715 1704 892 1763 magnis
920 1703 1179 1746 divitiarum
1201 1702 1489 1747 facultatibus
1511 1702 1776 1756 abundaret,
1806 1702 1951 1746 filium

411 1776 467 1820 ad
512 1791 611 1819 eam
648 1775 875 1819 civitatem
914 1775 1092 1818 mittere
1131 1789 1223 1818 non
1263 1774 1504 1828 dubitasse,
1547 1775 1593 1817 in
1634 1790 1720 1833 qua
1756 1777 1821 1818 tot
1855 1774 1950 1818 exi-

410 1848 607 1891 miorum
639 1847 843 1890 virorum
882 1837 1156 1890 commercio
1190 1845 1491 1904 omnibusque
1532 1845 1785 1890 studiorum
1824 1860 1950 1889 com-

409 1918 556 1962 modis
607 1918 695 1961 frui
749 1921 913 1977 posset.
970 1917 1180 1961 Ceterum
1231 1916 1329 1960 Ioni
1378 1916 1570 1960 Athenis
1621 1916 1802 1975 degenti
1857 1931 1950 1960 non

410 1989 643 2033 defuturos
677 1989 846 2034 sciebat
878 1989 952 2047 qui
983 1988 1375 2032 adolescentulum
1410 1987 1612 2032 consiliis
1651 1988 1759 2041 suis,
1796 2002 1947 2048 opera,

409 2060 675 2104 auctoritate
721 2075 802 2103 sua
847 2058 1129 2117 adjuvarent,
1184 2059 1481 2117 omniumque
1529 2073 1682 2102 rerum
1714 2059 1950 2119 inexperto

409 2131 714 2189 invigilarent.
742 2130 855 2174 Cum
884 2130 1165 2173 Hermesileo
1187 2130 1326 2183 enim,
1351 2129 1702 2174 Atheniensium
1728 2131 1776 2174 in
1802 2130 1952 2175 insula

411 2202 522 2245 Chio
556 2202 737 2261 publico
765 2201 957 2260 hospite,
994 2201 1401 2260 consanguinitatis
1430 2200 1626 2245 vinculis
1659 2199 1948 2259 conjunctus,

410 2272 662 2317 confidebat
692 2263 898 2316 Athenas
934 2272 1193 2316 advenienti
1242 2272 1333 2316 filio
1367 2275 1572 2332 apertum
1616 2272 1671 2315 iri
1703 2271 1952 2316 Athenien-

410 2359 506 2388 sem
541 2343 727 2387 domum
755 2344 968 2403 aliquam,
1004 2344 1051 2386 in
1085 2359 1221 2403 quam
1252 2343 1520 2387 Hermesilei
1554 2342 1950 2388 commendatione

409 2419 616 2475 receptus
655 2430 814 2458 omnes
852 2419 1049 2474 paternae
1093 2415 1254 2459 domus
1298 2414 1641 2459 commoditates
1680 2414 1950 2459 inventurus

409 2490 538 2531 esset.
584 2486 692 2539 Quae
742 2486 925 2545 quidem
976 2501 1047 2530 res
1097 2487 1172 2541 ita,
1220 2490 1270 2531 ut
1314 2486 1495 2530 rebatur
1540 2485 1858 2538 Orthomenes,
1902 2499 1950 2528 se

407 2557 580 2602 habuit.
616 2557 878 2601 Laomedon
913 2558 1096 2616 quidam
1129 2558 1438 2611 Atheniensis,
1475 2556 1657 2601 aliunde
1690 2571 1784 2599 non
1818 2555 1950 2600 nobis

407 2632 557 2682 notus,
582 2627 659 2672 sed
686 2629 763 2687 qui
793 2629 1079 2673 familiariter
1097 2630 1208 2673 viris
1228 2632 1325 2673 tum
1346 2629 1392 2672 in
1426 2628 1658 2688 republica
1686 2627 1950 2671 florentibus

408 2700 586 2745 videtur
618 2715 727 2744 usus
760 2715 872 2754 esse,
905 2701 1063 2745 Ionem
1095 2701 1292 2761 hospitio
1324 2701 1501 2760 excepit
1532 2699 1735 2744 comiter.
1768 2697 1821 2742 111
1853 2697 1950 2757 ejus

411 2772 544 2817 domo
588 2775 796 2816 nostrum
836 2772 954 2816 inter
984 2773 1156 2833 primos
1190 2772 1386 2818 civitatis
1418 2772 1540 2818 cives
1579 2773 1810 2816 versatum
1852 2784 1950 2815 esse

453 2911 481 2945 1.
504 2909 722 2951 Plutarchus,
739 2908 887 2941 Pericles
904 2909 959 2942 IV.
