2125 3534
893 316 1121 357 —421-

424 428 565 476 poeula
585 430 622 464 et
641 429 793 475 pateras
799 457 865 464 .....
891 430 900 454 ¹

427 517 495 524 .....
519 488 579 524 eia
599 499 679 535 age,
702 487 789 523 bibe
810 488 956 523 Pactoli
977 487 1137 523 fiumina
1156 488 1183 523 2.

242 617 400 662 Risum
425 618 636 663 movebat
655 617 786 661 heros
808 617 1134 677 spectatoribus
1161 616 1401 661 ostendens
1421 621 1643 675 τριποιχοῦς
1670 621 1748 658 ὀδό,

242 709 315 745 τας,
341 692 385 733 et

491 802 650 848 propter
670 801 863 848 ingentem
886 802 1025 837 famem

427 860 663 907 deglutiebat
681 860 786 908 ligna
805 863 842 896 et
862 859 1118 896 carbunculos
1136 861 1150 886 3

301 990 388 1034 Sed
410 991 593 1049 primas,
613 993 663 1034 ut
680 1005 734 1033 ex
754 990 850 1049 ipso
872 989 1086 1033 dramatis
1101 989 1231 1033 titulo
1253 991 1450 1048 apparet,
1472 990 1618 1047 partes
1636 986 1768 1031 susti-

242 1060 378 1104 nebat
400 1061 636 1120 Omphala,
670 1060 714 1103 id
748 1064 814 1104 est
840 1060 1045 1120 Aspasia,
1080 1058 1207 1117 cujus
1234 1059 1517 1119 impudicitia
1547 1062 1769 1118 spectato-

242 1145 344 1174 rum
380 1132 524 1175 oculis
557 1131 893 1189 subjiciebatur.
933 1131 986 1174 In
1029 1131 1191 1175 fabulae
1234 1130 1499 1189 fragmentis
1537 1130 1684 1189 agitur
1718 1129 1770 1173 de

241 1202 540 1246 muliebribus
560 1202 812 1256 munditiis,
828 1203 990 1261 quibus
1010 1203 1269 1246 meretrices
1291 1202 1545 1245 naturalem
1567 1201 1654 1244 oris
1676 1215 1772 1244 cor-

241 1272 451 1332 porisque
473 1277 758 1317 venustatem
777 1289 993 1317 exornare
1013 1274 1180 1322 solent,
1200 1277 1478 1317 memoratur
1499 1274 1657 1323 στίμμις,
1679 1272 1773 1330 pig-

241 1347 450 1387 mentum
471 1345 643 1388 scilicet
662 1361 749 1403 quo
774 1345 1011 1404 pingendis
1040 1345 1292 1404 superciliis
1316 1344 1538 1403 Omphala
1565 1342 1774 1387 utebatur

242 1418 306 1469 ut,
319 1415 448 1474 nigro
464 1416 613 1459 colore
631 1416 846 1470 adhibito,
861 1416 1055 1460 vividius
1072 1416 1328 1475 splenderet
1342 1416 1578 1459 oculorum
1593 1414 1711 1458 acies
1731 1413 1768 1465 43

241 1490 556 1530 memorantur
576 1491 619 1530 et
639 1487 916 1546 elegantium
946 1488 1219 1530 feminarum
1248 1486 1528 1546 symphoniae
1549 1487 1563 1511 5
1585 1488 1628 1528 et
1658 1483 1773 1528 inci·
1808 1492 1813 1502 “

242 1560 362 1601 tatus
391 1558 604 1601 tibiarum
632 1574 772 1601 sonus
805 1558 858 1601 ad
892 1558 1245 1602 commovendos
1278 1572 1437 1600 sensus
1464 1556 1722 1616 aptissimus
1741 1557 1772 1597 ⁶.

242 1629 325 1672 Tot
344 1629 568 1687 tantisque
591 1629 764 1674 deliciis
785 1630 930 1673 victus
952 1630 1185 1682 Hercules,
1212 1628 1489 1672 fortitudinis
1520 1631 1563 1670 et
1588 1641 1775 1685 magno-

243 1714 346 1743 rum
384 1701 681 1744 consiliorum
718 1701 901 1755 oblitus,
934 1701 1241 1760 voluptatibus
1274 1699 1561 1757 indulgebat;
1595 1698 1778 1741 leonina

244 1771 360 1830 pelle
379 1775 528 1824 exuta,
554 1772 755 1830 deposita
785 1773 927 1825 clava,
954 1772 1209 1815 molliorem
1232 1771 1432 1814 tunicam
1459 1769 1675 1813 induebat
1695 1770 1709 1793 7
1736 1771 1779 1811 et

245 1842 294 1886 in
321 1843 559 1886 volvendis
589 1843 701 1886 fusis
735 1847 981 1902 occupatus
1003 1843 1237 1902 Omphala}
1264 1842 1443 1885 virilem
1470 1841 1683 1884 vestitum
1710 1854 1776 1882 re-

246 1914 490 1972 linquebat.
516 1914 842 1973 Sequebantur,
874 1915 920 1957 ni
948 1914 1093 1967 fallor,
1128 1914 1353 1972 hymenaei
1384 1916 1542 1956 cantus
1576 1915 1619 1955 et
1640 1925 1777 1953 nova-

248 2000 350 2029 rum
378 1986 644 2044 nuptiarum
674 1986 886 2045 splendor
914 2001 1001 2044 quo
1031 1988 1290 2029 moveretur
1311 1987 1618 2042 spectatorum
1641 1982 1773 2034 risus,

248 2071 369 2110 cum,
408 2057 489 2101 sub
525 2061 677 2116 nuptae
712 2058 858 2116 specie
896 2057 1109 2100 robustus
1139 2057 1271 2100 heros
1306 2054 1528 2098 feminino
1562 2055 1778 2112 apparatu

247 2127 491 2182 incederet,
526 2143 606 2187 per
631 2129 804 2187 pulpita
831 2143 1037 2172 croceam
1064 2131 1236 2172 vestem
1266 2126 1465 2178 trahens,
1497 2124 1648 2167 mariti
1672 2138 1778 2166 vero

247 2203 395 2259 partes
427 2203 580 2259 ageret
606 2200 844 2259 Omphala,
879 2199 1070 2243 delicata
1101 2199 1279 2252 mulier,
1316 2196 1536 2240 immania
1565 2194 1774 2238 Herculis

248 2285 374 2314 arma
393 2286 554 2330 gerens
575 2272 604 2314 ⁸.
622 2271 737 2315 Tum
758 2270 931 2315 deliciis
953 2270 1162 2315 diffluens
1183 2269 1290 2314 novi
1311 2268 1489 2328 generis
1517 2281 1681 2326 sponsa
1701 2280 1779 2309 ex-

248 2342 447 2386 clamare
473 2356 482 2386 ε

289 2504 317 2536 1.
339 2503 434 2537 Ionis
450 2504 573 2546 fragm.
594 2505 632 2536 20
656 2502 748 2546 apud
771 2503 904 2544 Nauck,
926 2513 1035 2547 opere
1057 2503 1210 2537 laudato.

287 2553 317 2584 2.
341 2552 435 2584 Ionis
462 2552 585 2593 fragm.
607 2553 646 2584 27
666 2561 720 2593 ap.
746 2552 882 2584 Nauck.

287 2601 315 2631 3.
337 2599 431 2631 Ionis
453 2600 579 2640 fragm.
603 2600 653 2637 29,
674 2608 730 2640 ap.
752 2599 885 2631 Nauck.

287 2648 316 2678 4.
339 2648 397 2678 Καὶ
414 2648 470 2685 τὴν
491 2646 646 2687 μέλαιναν
667 2646 799 2686 στίμμιν
820 2646 1085 2689 ὀμματογράφον.
1103 2647 1242 2688 Fragm.
1261 2645 1299 2678 25
1319 2654 1375 2688 ap.
1391 2643 1525 2678 Nauck.

288 2695 316 2725 5.
336 2695 473 2736 Fragm.
490 2696 528 2725 22
544 2704 550 2725 t
568 2693 665 2724 λυδαὶ
685 2693 853 2735 ψάλτριαι.

287 2742 317 2771 6.
338 2741 475 2782 Fragm.
500 2742 537 2772 23
561 2742 653 2782 apud
676 2740 821 2772 Nauck:
845 2740 946 2776 αὐλὸς
965 2741 1110 2783 μαγάδις.

289 2788 317 2818 ’7.
340 2787 425 2819 Vide
443 2788 691 2829 tragoediarum
713 2788 948 2829 fragmentum
968 2790 1018 2827 22,
1039 2791 1073 2821 et
1093 2789 1331 2830 fragmentum
1354 2789 1403 2820 59.

289 2835 318 2866 8.
341 2835 388 2866 Cf.
410 2835 552 2867 Luciani
577 2836 691 2867 locum
707 2835 766 2875 (de
787 2836 958 2868 Concor-ib.
980 2836 1116 2874 histor„
1137 2836 1189 2876 X),
1207 2846 1227 2868 a
1247 2834 1496 2877 Nieberdingio
1517 2833 1699 2867 laudatum
1717 2833 1781 2874 (de

248 2881 340 2913 lonis
360 2882 444 2922 vita,
471 2882 620 2914 moribus
641 2885 672 2915 et
691 2882 829 2922 stacius,
855 2893 888 2925 p.
909 2884 960 2924 26)
983 2893 989 2915 :
1019 2883 1191 2925 ἑωρακέναι
1220 2884 1279 2925 γὰρ
1304 2882 1368 2914 πού
1386 2893 1420 2913 σε
1441 2882 1526 2917 εἰκὸς
1553 2880 1778 2923 γεγραμμένον

250 2927 436 2971 (Ἡρακλέα)
456 2932 496 2970 τῇ
516 2929 668 2972 Ὀμφάλῃ
692 2929 889 2961 δουλεύοντα
910 2930 992 2961 πάνυ
1018 2929 1202 2963 ἀλλόκοτον
1229 2930 1348 2969 ezzo-tp)
1378 2929 1625 2971 ἑπκευσισμένον,
1656 2927 1780 2967 ἐκείνην
