2125 3534
262 414 408 457 larum
423 426 607 456 suarum
626 415 892 469 argumenta
910 426 963 455 ex
987 413 1179 456 Ilomero
1200 427 1315 471 szepe
1337 412 1581 470 sumpsisse
1602 415 1780 472 poetam

261 488 482 527 nostrum.
508 482 631 534 Inde,
664 484 714 524 ut
740 481 832 523 veri
862 482 1008 524 simile
1035 487 1114 533 est,
1149 482 1331 541 profecti
1360 486 1464 525 sunt
1493 484 1780 539 Assammmm‚

260 553 429 611 Arqivi,
448 555 639 604 Laertes,
662 551 865 593 Pleoeni,r.
887 552 1072 595 Videtur
1095 553 1172 595 Ion
1192 555 1237 596 in
1261 568 1311 596 ea
1335 568 1378 595 re
1400 553 1558 595 saltem
1582 552 1782 611 ,Eschyli

261 624 508 683 discipulus
527 623 678 674 fuisse,
698 622 772 680 qui
791 622 1030 679 tragoedias
1050 639 1152 666 suas
1178 624 1520 667 [lomet-icarum
1544 623 1781 681 epularum

259 702 398 753 τεμάχη
427 694 571 737 aicbat
605 707 700 736 0550
727 694 751 735 ¹.
794 692 1002 736 Ceterum
1033 694 1076 736 in
1110 694 1377 752 quibusdam
1422 694 1777 751 fragmentorum

260 765 464 809 versibus
494 767 570 807 aut
596 763 743 807 verbis
777 763 1074 806 inveniuntur
1109 766 1330 807 nonnulla
1364 780 1460 822 qua»,
1496 764 1783 807 Homericam

261 835 510 879 orationem
539 833 735 893 produnt
756 835 770 860 2
799 849 806 878 :
833 849 902 876 res
929 834 1118 877 minime
1143 835 1345 878 miranda
1370 836 1414 877 in
1442 835 1625 877 homine
1654 834 1780 877 Cliio.

319 906 404 949 Pro
439 909 557 948 certo
586 905 721 948 etiam
752 904 903 947 haberi
926 909 1065 963 potest
1091 906 1245 949 Iouem
1280 907 1417 949 tribus
1452 906 1506 948 iis
1536 905 1780 963 tragoediis,

261 992 371 1036 quas
402 976 560 1019 docere
582 990 764 1019 11000550
787 979 881 1018 erat
902 976 936 1017 si
961 976 1058 1033 quis
1089 977 1253 1020 scenici
1279 977 1538 1020 certaminis
1568 977 1786 1035 particeps

262 1062 357 1092 0550
394 1047 587 1099 volebat,
621 1046 866 1105 satyricum
902 1046 1056 1089 drama
1091 1048 1355 1106 plerumque
1391 1047 1621 1105 adjecisse.
1657 1046 1787 1099 Quod

264 1119 343 1162 etsi
367 1132 420 1161 ex
456 1117 564 1176 ipsis
597 1117 853 1160 fabularum
887 1117 1151 1175 fragmentis
1183 1134 1274 1161 non
1304 1122 1502 1177 apparet,
1534 1118 1608 1160 vix
1637 1122 1788 1160 tamen

266 1189 452 1233 dubium
475 1203 571 1231 esse
599 1191 756 1246 potest.
782 1187 895 1230 Nam
924 1188 1065 1246 ipsius
1087 1189 1207 1231 Ionis
1231 1190 1366 1232 verba
1394 1193 1598 1232 tenemus
1627 1204 1651 1231 a
1680 1188 1786 1231 Plu-

267 1260 419 1303 tarcho
442 1258 601 1301 tradita
623 1263 636 1287 3
659 1272 666 1301 ;
689 1276 708 1297 «
734 1258 954 1302 Censebat
974 1258 1069 1306 Ion.
1091 1260 1151 1302 ait
1173 1260 1459 1310 Plutarchus,
1484 1263 1529 1302 ut
1555 1260 1601 1301 in
1625 1258 1788 1317 Massico

264 1318 384 1370 ludo,
414 1318 476 1360 ita
502 1318 548 1360 in
575 1317 741 1360 virtuto
776 1318 974 1375 aliquam
1006 1319 1243 1376 salgsricam
1281 1323 1451 1377 partem
1479 1319 1665 1361 omnino
1693 1331 1789 1360 0550

265 1392 468 1449 oportere
492 1407 530 1430 ».
556 1388 656 1432 Vox
677 1388 865 1431 omnino
895 1389 1065 1446 (πάντως)
1090 1390 1197 1431 satis
1227 1390 1518 1433 manifestum
1552 1389 1658 1432 facit
1690 1403 1789 1431 raro

265 1461 424 1519 saltem
446 1459 603 1502 Ionem
630 1474 655 1502 a
676 1459 868 1502 solemni
891 1475 1015 1503 moro
1038 1460 1284 1503 deflexisse.

321 1529 511 1576 Videtur
536 1530 671 1573 etiam
701 1531 864 1588 saepius
889 1531 1144 1574 fabularum
1175 1532 1459 1574 occasionem
1481 1530 1722 1589 arripuisse
1742 1532 1793 1572 ut

264 1600 559 1661 praesentibus
580 1600 774 1643 civitatis
797 1602 1070 1660 temporibus
1087 1602 1320 1645 alluderet.
1348 1601 1561 1646 Videmus
1578 1600 1673 1659 jam
1695 1614 1793 1658 quae

265 1671 318 1715 de
347 1671 671 1730 Spartanorum
702 1672 893 1715 consilio
922 1676 964 1715 et
990 1673 1129 1716 animi
1156 1673 1313 1716 robore
1345 1673 1582 1731 scripserat
1603 1673 1632 1714 4.
1663 1671 1794 1729 Ejus-

266 1743 373 1786 dum
405 1742 552 1802 gentis
585 1746 628 1785 et
659 1746 860 1786 austeros
886 1758 1034 1786 mores
1070 1748 1291 1787 memorat
1318 1746 1348 1786 ὅ.
1386 1744 1589 1801 Denique
1622 1743 1669 1785 in
1702 1746 1794 1786 tota

266 1813 417 1858 fabula
437 1813 510 1857 0111
540 1828 707 1856 nomen
733 1814 954 1873 Omphala
976 1815 1243 1874 inscriptum
1271 1818 1350 1867 est,
1376 1814 1552 1858 videtur
1579 1817 1723 1873 poeta,
1746 1816 1795 1856 ut

261 1884 358 1943 jam
388 1884 700 1937 disseruimus,
734 1885 815 1928 sub
844 1885 931 1929 lcvi
953 1890 996 1928 ct
1029 1886 1252 1944 pellucido
1287 1886 1529 1929 verborum
1556 1888 1788 1945 praetextu,

265 1955 407 2000 aetatis
429 1970 520 1998 suae
547 1970 617 1999 res
639 1959 715 1999 aut
735 1956 943 1999 homines
967 1957 1159 2000 ludibrio
1180 1957 1388 2001 habuisse
1409 1958 1438 1999 ⁶.

323 2026 447 2070 Nihil
474 2028 671 2086 optatius
701 2028 830 2071 nobis
859 2029 999 2087 possit
1029 2029 1305 2087 contingere,
1340 2043 1475 2087 quam
1503 2027 1636 2087 plane
1663 2041 1796 2071 nosse

266 2097 374 2157 quid
403 2097 484 2142 Ion
506 2098 559 2142 dc
580 2099 791 2143 heroibus
822 2104 864 2143 et
894 2101 1094 2159 antiquis
1122 2100 1300 2153 fabulis,
1326 2100 1378 2144 dc
1409 2100 1541 2144 rebus
1563 2099 1726 2143 divinis
1754 2102 1798 2142 et

268 2169 353 2213 diis
380 2170 584 2213 senserit.
608 2171 673 2214 De
692 2186 742 2215 ea
763 2186 810 2214 rc
838 2186 945 2215 sane
963 2187 1019 2215 110
1039 2187 1183 2215 unum
1205 2172 1387 2231 quidem
1410 2172 1457 2214 in
1475 2170 1797 2229 tragoediarum

268 2242 532 2301 fragmentis
580 2258 843 2302 expressum
875 2243 1065 2287 verbum
1111 2244 1322 2302 reperias.
1357 2244 1572 2286 Attamen
1616 2240 1798 2285 aliunde

310 2394 339 2424 1.
361 2392 561 2431 Athenaeus,
580 2392 666 2431 VIII,
682 2393 740 2423 347
758 2401 786 2424 e.
807 2393 864 2427 Τὰς
880 2391 978 2422 αὑτοῦ
999 2390 1175 2433 τραγῳδίας
1194 2392 1324 2433 τεμάχη
1345 2390 1424 2422 εἶναι
1446 2391 1553 2431 ἔλεγεν
1575 2391 1636 2420 τῶν
1654 2389 1798 2431 Ὀμήρου

270 2445 418 2487 μεγάλων
439 2445 582 2476 δείπνων.
599 2446 646 2477 Cf.
667 2446 909 2477 Schneidewin
929 2445 1156 2485 (Plziloloqus,
1176 2446 1261 2476 VIII.
1280 2446 1368 2482 1853,
1389 2455 1421 2487 p.
1443 2444 1581 2485 734)qui
1601 2444 1801 2485 suspicatur

270 2493 335 2524 hoc
354 2492 505 2533 AEschyli
526 2492 657 2525 dictum
678 2493 720 2524 ab
750 2494 831 2524 Ione
852 2494 1030 2525 servatum
1053 2502 1128 2524 esse
1146 2493 1182 2524 in
1202 2492 1367 2534 operibus
1388 2502 1493 2534 prosa
1512 2492 1670 2524 oratione
1688 2491 1798 2533 scrip-

269 2540 325 2572 tis.

308 2589 338 2619 2.
360 2587 444 2619 Vide
463 2587 599 2629 Fragm.
623 2589 636 2618 1
655 2587 789 2628 (Nauck
808 2588 915 2629 1889);
937 2587 980 2618 cf.
1000 2587 1086 2619 Iliad
1099 2587 1216 2625 XXIII,
1238 2588 1277 2618 27
1297 2588 1330 2619 et
1349 2587 1403 2626 IX,
1430 2588 1498 2626 122,
1514 2587 1590 2624 2653
1614 2586 1739 2628 fragm.
1764 2586 1800 2617 10

268 2634 461 2676 κελαρύζετε
482 2644 549 2666 vox
580 2635 758 2667 homerica
777 2636 838 2667 aut
866 2635 965 2676 epica
996 2636 1064 2673 est3
1087 2634 1146 2666 sed
1177 2644 1289 2676 pauca
1319 2634 1391 2667 haec
1419 2634 1497 2676 ipsa
1529 2636 1622 2673 sunt,
1655 2636 1799 2677 propter

270 2683 548 2725 fragmentorum
568 2683 764 2723 penuriam.

312 2731 340 2761 3.
358 2730 544 2768 Plutarch,
563 2730 723 2767 Pericles,
740 2731 792 2762 V:
816 2729 889 2760 ἀλλ’
908 2728 998 2760 Ἴωνα
1024 2731 1091 2770 μὲν,
1119 2730 1251 2771 ὥσπερ
1271 2731 1472 2772 τραγικὴν
1502 2729 1797 2767 διδασκαλίαν,

272 2777 422 2816 ἀξιοῦντα
441 2779 497 2815 τὴν
518 2776 630 2818 ἀρετὴν
646 2777 732 2818 ἔχειν
754 2788 783 2807 τ’.
802 2777 927 2811 πάντως
945 2778 999 2807 καὶ
1016 2788 1115 2807 σατυ
1129 2778 1242 2818 pizo-2
1264 2777 1356 2819 μέρος
1377 2777 1489 2817 ἐῶμεν.

313 2826 342 2856 4.
362 2824 447 2856 Vide
466 2833 583 2866 supra,
604 2834 637 2866 p.
663 2826 712 2856 32.
736 2825 873 2865 Fragm.
893 2825 930 2855 63
946 2833 1000 2865 ap.
1025 2824 1145 2856 Nauck
1165 2824 1265 2865 (Edit.
1285 2825 1438 2858 secunda
1458 2825 1557 2867 1889).

316 2873 345 2903 5.
370 2871 503 2910 Nauck,
525 2872 662 2912 Fragm.
678 2873 715 2903 24
735 2881 741 2902 :
757 2873 814 2902 Τὸν
831 2870 978 2906 Πέλοπος
996 2871 1026 2902 ἐν
1043 2871 1129 2913 νήσῳ
1149 2871 1281 2914 τρόπον.

319 2922 348 2952 6.
369 2920 454 2954 Vide
470 2920 630 2962 superius
648 2920 753 2961 caput
775 2919 880 2959 hujtxs
900 2918 1018 2950 libelli.
