2125 3534
824 268 1055 310 -27-

173 377 292 438 apud
313 378 526 422 Solonem
545 377 680 421 etiam
700 379 922 421 nonnulla
946 380 953 404 ¹
973 393 981 431 ;
1006 379 1207 437 quautam
1231 379 1347 438 apud
1369 379 1697 438 Xenophanem

172 449 515 508 Colophoneum
543 463 682 507 eaque
704 449 1047 506 praeclarissima
1071 452 1098 492 ².
1125 451 1239 502 Quid
1262 451 1314 493 ‹le
1337 450 1581 493 Simonidis
1604 467 1698 494 ear-

172 520 374 563 minibus
406 520 568 571 dicam,
607 533 799 577 quorum
836 519 1047 577 pleraque
1082 536 1173 563 non
1214 522 1348 563 mirer
1380 521 1498 563 inter
1538 522 1700 579 pocula

174 605 270 634 esse
299 592 509 634 cantata?

233 660 278 704 Si
300 661 436 719 igitur
455 661 560 704 novi
576 659 743 718 aliquid
763 659 843 702 Ion
862 660 907 702 in
923 660 1065 719 elegia
1089 662 1275 714 invenit,
1300 666 1441 705 totum
1465 663 1510 704 in
1533 678 1584 705 eo
1606 678 1702 705 ver-

176 734 299 774 satur
320 731 446 783 illud,
471 730 605 788 quod,
632 734 680 773 ut
701 730 1061 788 supradiximus,
1083 732 1197 774 inter
1216 733 1479 790 poculorum
1498 733 1700 775 lwtitiam

176 801 450 845 nobiliorum
473 802 725 844 studiorum
747 817 839 843 non
861 806 950 844 erat
982 803 1220 844 immemor
1243 807 1280 845 et
1305 820 1355 846 ea
1378 804 1420 845 in
1450 804 1607 862 primis
1629 818 1702 846 ce-

176 872 372 915 lebrasse
392 873 582 925 videtur⁷
601 872 762 930 quibus
782 873 967 931 ingenui
987 873 1167 915 illorum
1187 878 1439 932 temporum
1459 875 1538 917 viri
1556 874 1704 917 oblec-

177 942 404 986 tabantur.
425 943 520 985 Inio
541 958 644 986 vero
667 956 674 985 :
700 958 754 986 ne
777 958 828 985 ea
846 942 1027 1000 quidem
1046 944 1143 986 laus
1168 944 1306 1002 ipsius
1323 949 1463 1002 poetae
1489 949 1703 1003 tanquam

176 1013 358 1072 propria
384 1012 589 1056 habenda
625 1017 706 1066 est,
749 1013 826 1056 Sed
858 1014 976 1056 aetati
1010 1029 1097 1071 qua
1128 1015 1235 1057 vixit
1271 1016 1416 1073 polius
1450 1019 1516 1058 cst
1559 1016 1705 1073 impu-

176 1083 326 1126 tanda.
351 1083 453 1126 Non
474 1098 659 1127 suorum
676 1083 751 1126 sed
771 1084 1085 1127 communium
1108 1085 1358 1127 studiorum
1382 1086 1600 1144 interpres
1621 1086 1706 1129 suit

175 1154 541 1208 Atheniensium,
569 1156 645 1213 qui
661 1154 757 1212 jam
782 1159 875 1199 tum
897 1160 1138 1214 antequam
1162 1158 1395 1215 pra—copiis
1418 1158 1508 1201 suis
1531 1158 1706 1216 sophis-

130 1280 137 1287 .
178 1228 231 1268 tae
264 1225 320 1273 ad
349 1226 497 1268 omnis
519 1226 696 1284 generis
725 1226 985 1285 disciplinas
1008 1228 1183 1269 animos
1208 1228 1461 1279 incitarent,
1496 1228 1707 1285 ingenuis

177 1296 350 1340 artibus
375 1297 610 1340 informari
633 1302 878 1356 coepcrant.
905 1298 983 1341 (lui
1006 1303 1135 1341 antea
1159 1299 1245 1357 legi
1269 1299 1563 1342 inservierant
1588 1303 1707 1342 vete-

177 1381 247 1410 res
270 1370 426 1425 poetes,
450 1371 501 1411 ut
521 1383 574 1411 ex
603 1369 746 1411 aetatis
768 1384 858 1412 suae
881 1368 1040 1411 studiis
1068 1374 1337 1427 argumenta
1359 1386 1439 1413 sua
1460 1371 1704 1422 traherent,

178 1437 385 1481 eamdem
413 1442 567 1481 noster
599 1442 781 1482 secutus
803 1443 869 1481 est
896 1443 938 1482 et
960 1454 1063 1482 eum
1091 1439 1315 1483 scribendi
1338 1455 1520 1483 cursum
1545 1440 1703 1493 tenuit,

179 1524 313 1569 quem
335 1510 498 1553 mutati
516 1511 759 1569 aequalium
784 1526 932 1554 mores
953 1515 1102 1554 tenere
1125 1527 1229 1553 eum
1250 1515 1496 1569 coegerunt
1517 1513 1544 1553 ³³.

237 1581 472 1634 Quantum
506 1597 612 1625 vero
641 1597 686 1624 sc
718 1581 772 1624 ad
800 1582 1043 1640 [equalium
1067 1581 1291 1639 judicium
1319 1586 1450 1640 atque
1473 1596 1632 1624 sensus
1661 1595 1706 1624 se

178 1656 308 1711 poeta
328 1656 482 1695 noster
503 1653 706 1710 fingeret,
731 1668 823 1694 non
846 1667 899 1694 ex
921 1653 1028 1694 solis
1050 1653 1295 1709 elegiarum
1320 1653 1599 1711 fragmentis,
1630 1651 1707 1695 sed

176 1723 273 1782 ipsa
294 1738 348 1766 ex
369 1724 571 1767 oratione
593 1724 875 1782 perspicitur.
903 1723 983 1766 Ion
1007 1723 1189 1781 quidem
1211 1739 1302 1767 non
1330 1724 1406 1765 illa
1424 1722 1708 1781 jucunditate

175 1797 297 1838 caret
317 1797 360 1837 ct
383 1798 618 1837 venustate
641 1809 738 1852 quie
760 1794 923 1837 Ionum
952 1798 1186 1852 poetarum
1209 1798 1303 1837 erat
1321 1794 1503 1852 propria
1524 1794 1555 1835 s‘.
1576 1793 1704 1845 Quis,

173 1869 224 1909 ut
262 1866 469 1925 exemplo
507 1870 623 1919 utar,
668 1866 796 1909 molli
832 1881 1048 1909 versuum
1087 1867 1205 1909 flexu
1245 1881 1337 1908 non
1381 1865 1629 1908 delectetur
1668 1866 1711 1906 et

175 1937 431 1996 gratissima
459 1937 711 1996 imaginum
739 1937 939 1980 novitate
973 1937 1134 1995 quibus
1172 1941 1325 1980 noster
1350 1937 1490 1979 vitem
1522 1934 1709 1978 brachia

177 2023 259 2052 sua
279 2008 581 2067 explicantem
606 2008 823 2067 depingit,
848 2024 1047 2066 uvasque
1067 2008 1114 2050 in
1137 2008 1285 2066 praelis
1308 2008 1426 2050 inter
1447 2022 1508 2060 se,
1529 2009 1580 2049 ut
1601 2020 1709 2049 eon-

179 2080 304 2123 vivas
330 2080 452 2139 ipsos
479 2080 597 2123 inter
624 2080 795 2138 epulas,
821 2080 947 2137 quasi
976 2080 1251 2139 garrientes?
1272 2079 1455 2121 Austeri
1477 2092 1642 2135 nempe
1668 2080 1712 2119 et

181 2148 333 2208 pusilli
355 2149 490 2192 simul
507 2148 670 2207 judicii
697 2150 862 2202 virum,
888 2149 964 2206 qui
994 2148 1128 2191 totius
1151 2148 1237 2192 loci
1260 2147 1455 2206 eleganti
1477 2147 1711 2192 abundan-

223 2304 250 2334 1.
275 2303 412 2344 Fragm.
428 2303 619 2345 elegiarum
638 2304 716 2344 πρὸς
733 2302 859 2344 Κριτίαν
880 2301 1018 2343 (Bergk,
1039 2303 1115 2341 Lyr.
1131 2302 1209 2343 9⁷²)-

220 2351 249 2381 2.
272 2350 356 2383 Vide
377 2351 573 2392 praesertim
588 2351 711 2392 fragili.
740 2352 767 2388 1,
788 2351 823 2381 in
850 2351 924 2390 Lysr.
947 2361 1013 2389 ψη,
1036 2350 1160 2391 Bergk.

220 2399 248 2429 3.
271 2398 366 2429 Inter
387 2398 565 2439 elegorum
585 2400 718 2429 veteres
740 2398 928 2438 scriptores
945 2397 1172 2428 Mimnermus
1194 2406 1284 2428 unus
1306 2395 1443 2427 videtur
1462 2404 1501 2426 ea
1517 2394 1711 2435 neglexisse

177 2454 255 2486 quae
274 2446 433 2477 omnium
461 2447 564 2486 juxta
582 2446 751 2477 intererat
774 2445 894 2476 audire
923 2446 956 2475 et
975 2454 1016 2475 ea
1039 2444 1153 2475 solum
1171 2454 1248 2485 quze
1275 2444 1348 2485 ipse
1368 2443 1508 2484 penitus
1536 2442 1710 2473 sentiebat

177 2492 402 2533 expressisse.
423 2492 630 2533 Quanquam
657 2493 749 2523 enim
768 2502 809 2523 ex
830 2492 954 2523 intimo
976 2491 1080 2523 corde
1100 2491 1371 2532 proficiscuntur
1392 2490 1511 2521 odium
1529 2491 1632 2529 atque
1651 2489 1705 2520 in—

176 2539 270 2571 vidia
284 2549 352 2580 qua
367 2539 534 2571 adversus
552 2541 671 2573 κακοὺς
689 2540 774 2570 furit
788 2538 972 2579 Theognis,
997 2540 1168 2570 catanien
1189 2538 1232 2570 ad
1251 2548 1305 2570 res
1326 2546 1403 2578 quae
1422 2537 1586 2568 omnibus
1609 2536 1706 2568 cordi

178 2588 289 2625 erant,
306 2589 463 2629 spectare
478 2597 580 2618 nemo
601 2588 653 2618 est
667 2587 753 2627 quin
773 2587 900 2617 videat.

216 2636 246 2665 4.
270 2634 538 2675 Nieberdingius
556 2634 680 2665 merito
698 2633 944 2665 animadvertit
962 2633 1077 2664 verbis
1096 2633 1169 2673 πρὶν
1195 2632 1226 2663 δὲ
1248 2633 1410 2663 σιωπῶσιν
1431 2632 1545 2663 inesse
1564 2631 1711 2673 prfecla-

176 2690 257 2714 rum
274 2682 472 2723 exemplum
493 2682 599 2722 epicae
621 2681 691 2711 sive
709 2681 831 2712 ionicae
853 2680 1083 2721 μικρολογίας,
1102 2689 1165 2711 nec
1185 2680 1369 2721 displicere
1390 2679 1476 2710 mihi
1500 2679 1612 2711 fateor
1632 2688 1711 2719 quae

181 2729 302 2770 adjicit
317 2729 386 2770 (op.
413 2729 522 2767 laud„
538 2739 570 2770 p.
591 2730 641 2768 64)
665 2739 670 2759 :
694 2742 708 2756 «
732 2728 906 2769 Imprimis
925 2728 1018 2759 enim
1036 2728 1072 2758 in
1090 2728 1155 2759 hoc
1173 2727 1328 2759 carmine
1345 2726 1578 2759 animadverti
1600 2735 1706 2767 opor-

183 2776 477 2815 tetHomericam,
499 2777 551 2807 vel
569 2776 720 2807 ionicam
735 2775 923 2816 quamdam
944 2777 1128 2806 structurae
1149 2775 1345 2806 libertatem
1365 2774 1437 2805 sive
1450 2775 1585 2815 gratam
1602 2773 1712 2814 negli-

185 2823 338 2865 gentiam
361 2832 467 2864 quam
490 2825 564 2855 tum
584 2824 790 2864 argumento
809 2824 882 2854 tum
906 2822 1053 2853 carmini
1081 2821 1234 2863 elegiaco
1252 2821 1471 2863 aptissimam
1488 2830 1531 2853 ne
1551 2820 1594 2853 ad
1615 2830 1711 2852 sevc-

186 2871 297 2903 riores
320 2870 414 2913 leges
436 2880 639 2903 revocemus
656 2870 851 2903 cavendum
868 2871 922 2901 est
941 2883 967 2900 υ.
