2125 3534
1014 270 1244 313 -68-

366 388 621 447 fragmenta
642 384 817 428 docent.
842 383 1057 437 Quaedam
1087 387 1240 427 tamen
1270 384 1318 427 in
1341 382 1529 442 Dionysi
1550 382 1786 436 honorem,
1811 397 1890 442 pro

366 454 559 503 solemni
592 455 1027 515 dithyrambicorum
1051 459 1286 514 poetarum
1317 469 1458 507 more,
1488 453 1653 512 scripta
1674 467 1770 496 esse
1805 456 1894 496 tes-

364 533 483 574 tatur
515 541 659 572 unum
682 541 704 569 e
725 526 990 584 fragmentis
1015 542 1111 584 quae
1137 541 1272 585 supra
1302 524 1602 568 laudavimus.
1630 523 1786 582 Neque
1811 539 1894 568 ne-

365 600 566 660 glexerat
585 598 666 641 Ion
687 597 894 655 antiquas
915 597 967 641 de
987 597 1200 641 heroibus
1228 596 1418 648 fabulas,
1441 595 1490 638 in
1511 594 1672 653 quibus
1689 600 1787 638 οὐδὲν
1807 602 1896 654 πρὸς

369 679 531 715 Διόνυσον
553 669 690 712 fuisse
706 667 898 722 videtur,
914 671 957 711 et
974 683 1085 727 quas
1101 668 1283 711 arbitrio
1303 682 1383 710 suo
1402 667 1644 709 immutare
1658 680 1751 709 non
1772 665 1899 710 dubi-

368 744 503 787 tabat.
529 741 599 785 Sic
622 739 864 798 Antigonae
885 742 928 783 et
947 739 1138 783 Ismenae
1158 738 1409 782 infortunia
1431 737 1654 796 attigerat,
1678 741 1720 780 et
1741 737 1901 781 Thesei

370 829 502 859 casus
539 815 618 856 aut
655 811 851 854 aliorum
888 810 989 854 Chii
1019 825 1111 854 non
1140 809 1412 869 ignobilium
1450 809 1643 852 heroum
1665 809 1694 851 ¹.
1733 810 1901 855 Utrum

369 901 476 931 vero
496 885 544 928 in
564 883 634 926 his
659 882 864 941 personis
884 882 1020 925 totius
1042 882 1188 941 operis
1207 895 1401 933 summa,
1421 895 1478 923 an
1496 878 1703 937 quaedam
1722 882 1900 922 tantum

370 960 533 1017 partes,
552 958 768 1012 tanquam
784 953 946 1012 raptim
964 956 1007 996 et
1021 967 1100 1012 per
1120 952 1422 1005 occasionem,
1446 954 1751 1005 versarentur,
1774 950 1900 995 nullo

370 1027 504 1072 modo
524 1024 717 1069 discerni
743 1027 902 1083 potest.

429 1098 598 1141 Praeter
635 1095 960 1155 dithyrambos,
1011 1095 1100 1138 alia
1141 1094 1349 1153 quaedam
1388 1094 1531 1154 lyrica
1569 1107 1706 1152 opera
1745 1093 1903 1137 Ionem

372 1168 681 1228 composuisse
717 1169 908 1219 constat,
947 1181 1125 1225 paeanas
1155 1166 1342 1220 scilicet,
1377 1165 1589 1224 hymnos,
1622 1164 1904 1208 laudationes

376 1239 571 1299 (ἐγκώμια)
595 1241 638 1282 et
665 1237 807 1297 epulis
841 1236 1063 1281 destinata
1092 1237 1295 1281 carmina
1322 1236 1466 1294 (σκολιά
1486 1236 1533 1295 2).
1566 1236 1679 1279 Cum
1709 1250 1760 1279 ea
1797 1250 1904 1294 poe-

374 1315 549 1355 matum
573 1324 751 1367 genera,
786 1311 886 1367 post
911 1308 1176 1361 Pindarum,
1202 1307 1482 1351 Simonidem
1513 1311 1556 1350 et
1583 1306 1906 1366 Bacchylidem

377 1382 656 1426 obsolescere
680 1379 775 1438 jam
798 1379 1052 1437 coepissent,
1077 1394 1170 1421 non
1198 1379 1440 1438 indignum
1461 1381 1528 1421 est
1548 1378 1906 1421 animadvertere

326 1510 330 1514 ι
378 1456 557 1512 poetam
595 1454 817 1503 nostrum,
859 1450 934 1509 qui
968 1451 1014 1493 in
1057 1450 1353 1509 dithyrambis
1392 1450 1588 1508 aequales
1638 1449 1909 1507 sequebatur

379 1526 584 1567 auctores
612 1522 683 1565 vel
709 1535 1041 1579 nonnunquam
1072 1521 1259 1564 fortasse
1293 1520 1507 1573 anteibat,
1531 1521 1579 1563 in
1610 1520 1769 1564 ceteris
1802 1520 1909 1579 lyrae

381 1593 733 1638 accommodatis
769 1593 978 1651 operibus
1023 1592 1303 1650 antiquitatis
1341 1606 1593 1635 memorem
1633 1594 1675 1635 et
1705 1595 1911 1634 tenacem

381 1665 535 1708 fuisse.
567 1664 654 1708 Vix
686 1667 837 1707 autem
870 1680 892 1707 e
913 1667 978 1707 tot
1003 1664 1181 1723 scriptis
1214 1679 1333 1707 unus
1363 1667 1407 1707 et
1429 1663 1542 1706 alter
1561 1663 1718 1706 titulus
1751 1662 1807 1706 ad
1828 1677 1911 1705 nos

380 1735 599 1795 pervenit.
628 1735 891 1779 Laudantur
911 1750 1074 1795 nempe
1096 1736 1295 1795 hymnus
1317 1735 1501 1794 quidam
1522 1735 1571 1777 in
1593 1734 1909 1793 Opportunum

380 1808 514 1851 deum
539 1806 685 1865 (Καιροῦ
716 1813 824 1862 ὕμνος
844 1808 888 1863 3),
910 1810 954 1850 et
975 1813 1153 1864 ἐγκώμιον
1185 1814 1233 1855 εἷς
1262 1812 1476 1860 Σκυθιάδην,
1500 1807 1709 1865 ignotum
1724 1804 1907 1849 aliunde

380 1879 528 1922 virum
547 1879 579 1921 4.

424 2021 451 2051 1.
477 2019 561 2052 Vide
585 2029 702 2062 supra,
724 2030 757 2061 p.
785 2020 833 2051 56.

424 2068 452 2098 2.
476 2067 588 2099 Schol.
610 2068 653 2098 ad
672 2067 849 2109 Aristoph.
868 2067 1001 2105 Pacem,
1022 2076 1054 2098 v.
1073 2067 1130 2098 830
1151 2075 1228 2108 sqq.

425 2116 454 2146 3.
478 2115 678 2153 Pausanias,
704 2116 742 2154 V,
765 2117 813 2153 14,
835 2116 863 2145 9.

424 2164 453 2193 4.
476 2162 598 2201 Miller,
618 2162 791 2203 Me'lanyes
809 2163 849 2194 de
868 2162 1080 2194 Litte'rature
1096 2171 1250 2204 yrecque,
1270 2172 1302 2203 p.
1328 2163 1398 2200 361,
1422 2171 1456 2193 n.
1484 2162 1511 2192 1.
