2125 3534
1044 259 1272 303 -76-

399 385 494 413 esse
534 369 690 413 Ionem
722 368 882 412 merito
917 367 1082 427 conjici
1111 373 1271 428 potest,
1294 384 1399 414 cum
1433 370 1680 428 praesertim
1714 371 1915 416 Cimonis

396 444 542 499 partes
568 440 780 484 adversus
802 439 1021 483 Periclem
1042 439 1276 499 amplexus
1303 444 1431 484 esset.
1456 441 1671 484 Attamen
1687 456 1780 486 non
1807 446 1914 501 puto

396 525 498 554 eum
527 511 588 554 ita
605 511 812 555 amicitiis
834 513 911 553 aut
929 510 1042 554 odiis
1069 510 1207 555 fuisse
1234 511 1509 556 obcaecatum
1535 515 1598 565 ut,
1624 512 1661 555 si
1688 512 1796 571 quid
1820 513 1915 558 lau-

396 581 593 625 dandum
614 581 731 640 apud
752 580 960 624 inimicos
974 581 1212 636 inveniret,
1231 582 1437 626 consulto
1453 582 1694 636 omitteret,
1714 586 1792 627 aut
1805 584 1915 626 ami-

395 668 551 696 corum
571 653 757 696 virtutes
781 655 823 695 et
842 653 1000 696 merita
1020 653 1162 697 nimio
1183 654 1283 712 plus
1302 657 1498 712 augeret.
1519 653 1627 706 Quae
1648 654 1800 713 opinio
1820 657 1913 698 toto

394 723 471 766 illo
494 723 546 766 de
565 723 736 766 Pericle
760 722 992 767 Plutarchi
1014 723 1142 777 libro,
1164 739 1265 768 mea
1285 724 1466 783 quidem
1489 725 1727 778 sententia,
1753 724 1914 769 confir-

393 798 541 837 matur
559 808 567 837 :
591 794 638 836 in
660 809 748 852 quo
770 808 873 837 cum
894 794 1090 853 plurima
1112 795 1158 838 in
1191 810 1409 854 magnum
1431 796 1576 840 civem
1603 795 1788 855 vulgata
1808 810 1914 839 con-

391 865 506 909 vicia
525 865 803 923 conflataquc
826 865 979 908 odiosa
1002 866 1193 909 crimina
1212 870 1367 910 auctor
1386 870 1621 920 memoret,
1646 866 1827 910 nullum
1848 870 1914 910 est

391 935 510 994 quod
531 951 575 979 se
597 951 649 979 ex
674 935 796 979 Ionis
818 936 1025 995 operibus
1048 937 1250 981 hausisse
1278 938 1410 991 dicat,
1435 937 1512 981 sed
1539 941 1692 996 poetas
1715 937 1913 981 comicos

391 1007 538 1065 arguit
554 1010 597 1050 et
620 1007 963 1050 Stesimbrotum
989 1011 1031 1050 et
1052 1008 1349 1067 Hermippum
1371 1009 1573 1067 aliosque
1595 1009 1622 1051 ¹.
1647 1009 1793 1054 Unam
1817 1023 1912 1052 rem

389 1078 437 1120 in
464 1086 693 1134 ὑπομνήμασι
715 1078 796 1122 1011
825 1078 999 1122 videtur
1031 1079 1194 1123 Pericli
1230 1079 1462 1138 objecisse,
1498 1080 1755 1139 superbiam
1788 1079 1912 1123 scili-

389 1152 458 1192 cet
477 1150 504 1193 2.
537 1149 646 1202 Quis
667 1164 771 1193 vero
793 1149 964 1193 dubitat
984 1150 1093 1208 quin
1120 1150 1205 1194 hoc
1224 1150 1448 1208 judicium
1468 1166 1561 1195 non
1583 1154 1674 1194 tam
1698 1150 1821 1194 Ionis
1848 1150 1913 1209 ip-

389 1221 482 1264 sius
515 1220 661 1275 fuerit,
697 1235 831 1278 quam
871 1220 961 1264 fere
1000 1221 1135 1264 totius
1180 1222 1387 1275 civitatis,
1424 1237 1537 1280 quae,
1574 1237 1678 1266 cum
1724 1221 1911 1265 Periclis

388 1292 587 1350 ingentia
618 1292 805 1335 consilia
824 1291 898 1335 vix
927 1296 1077 1350 posset
1105 1307 1277 1351 capere,
1303 1297 1539 1336 externum
1561 1293 1759 1336 hominis
1781 1292 1910 1336 habi-

387 1367 484 1406 tum
506 1367 548 1406 et
574 1378 720 1406 mores
742 1366 918 1406 tantum
941 1366 1043 1406 ante
1066 1364 1221 1407 oculos
1248 1364 1454 1419 habebat,
1485 1379 1568 1408 nec
1599 1365 1695 1407 sine
1717 1363 1910 1422 quadam

387 1435 637 1478 reverentia
660 1438 701 1477 et
727 1438 849 1478 metu
867 1449 1085 1492 magnum
1108 1435 1252 1478 civem
1280 1450 1412 1479 suum
1433 1436 1740 1479 admirabatur
1759 1436 1788 1477 ³.
1812 1435 1908 1478 Imo

386 1521 507 1558 vero,
532 1505 825 1548 Plutarchum
852 1506 999 1564 ipsum
1023 1521 1115 1548 non
1136 1507 1333 1550 multum
1361 1507 1587 1550 absimilia
1614 1506 1808 1550 sensisse
1830 1521 1910 1550 no-

386 1576 575 1619 tandum
597 1580 674 1619 est.
706 1576 866 1619 Narrat
886 1577 1008 1619 enim
1038 1577 1261 1621 Periclem
1282 1581 1537 1637 postquam,
1569 1577 1788 1637 superatis
1811 1581 1908 1620 tan-

387 1647 487 1691 dem
517 1647 789 1706 Thucydidis
810 1648 1027 1707 partibus,
1059 1663 1285 1692 summam
1314 1649 1507 1692 Athenis
1539 1651 1805 1708 potestatem
1826 1648 1906 1692 ob-

385 1719 608 1772 tinuisset,
632 1734 722 1762 non
740 1717 835 1776 jam
852 1718 1060 1762 eumdem
1083 1735 1143 1772 se,
1169 1723 1212 1763 et
1230 1720 1350 1779 plebi
1371 1724 1662 1763 mansuetum
1684 1722 1736 1763 ut
1757 1723 1903 1772 antea,

384 1790 644 1849 praebuisse,
669 1789 745 1833 sed
766 1790 813 1833 in
834 1790 1042 1849 regendis
1062 1791 1255 1849 publicis
1277 1791 1409 1835 rebus
1431 1791 1706 1850 asperiorem
1733 1805 1779 1834 se
1812 1805 1908 1850 ges-

385 1861 494 1905 sisse
517 1861 534 1885 4
555 1875 563 1903 :
587 1876 684 1920 quae
710 1876 802 1905 non
821 1865 871 1904 ut
891 1877 944 1905 ex
976 1862 1074 1905 aliis
1102 1862 1362 1906 auctoribus
1392 1863 1605 1906 arcessita
1637 1862 1907 1906 Plutarchus

384 1932 566 1991 profert,
592 1932 669 1976 sed
690 1948 769 1976 suo
791 1933 976 1977 nomine
1003 1933 1198 1977 scribere
1224 1933 1403 1978 videtur
1424 1948 1654 1993 exponens
1675 1933 1783 1992 quid
1810 1933 1906 1992 ipse

384 2004 559 2047 sentiat.
591 2004 797 2048 Ceterum
825 2005 859 2047 si
893 2005 940 2048 in
970 2005 1233 2049 aestimando
1270 2005 1443 2049 Pericle
1476 2005 1559 2048 1011
1591 2005 1770 2058 erravit,
1801 2018 1905 2048 cum

382 2075 538 2118 multis
568 2075 783 2119 erravisse
824 2090 928 2119 eum
962 2076 1270 2121 confitendum
1303 2080 1382 2120 est.
1418 2077 1616 2136 Excepto
1653 2076 1774 2120 enim
1813 2090 1904 2119 uno

382 2146 655 2206 Thucydide,
680 2147 953 2206 quicumque
969 2148 1062 2192 sive
1085 2148 1164 2192 illa
1182 2151 1325 2201 aetate,
1350 2148 1443 2192 sive
1464 2151 1633 2207 postea,
1659 2147 1711 2191 de
1732 2146 1904 2191 Pericle

382 2218 673 2278 scripserunt,
710 2218 762 2261 de
798 2234 848 2262 eo
888 2234 1017 2263 secus
1051 2218 1348 2278 judicavere:
1377 2219 1439 2262 ita
1463 2223 1527 2272 ut,
1566 2219 1613 2262 ni
1652 2220 1906 2277 superesset

381 2288 654 2350 Thucydidis
675 2305 802 2348 opUS,
821 2290 892 2333 vel
913 2291 1271 2349 praestantissimi
1292 2305 1443 2334 rerum
1461 2290 1690 2349 scriptoris
1711 2304 1904 2333 acumen

380 2361 455 2404 vix
482 2361 613 2405 hodie
640 2364 789 2420 posset
817 2361 1069 2406 discernere
1096 2366 1317 2421 quantum
1348 2362 1532 2420 ingenio
1563 2361 1758 2404 Pericles
1792 2361 1902 2404 emi-

380 2432 544 2486 nuerit,
569 2435 736 2491 quanta
757 2432 873 2491 apud
899 2433 1019 2477 cives
1046 2449 1151 2477 suos
1169 2433 1435 2478 auctoritate
1462 2432 1656 2475 valuerit
1677 2434 1707 2475 5.

438 2503 660 2557 Ceterum,
690 2506 739 2547 ut
770 2518 821 2547 ea
853 2519 950 2562 quae
983 2508 1089 2548 sunt
1118 2504 1282 2549 Pericli
1317 2503 1505 2548 adversa
1534 2502 1617 2547 Ion
1646 2493 1811 2558 retulit,
1842 2502 1903 2546 ita

420 2646 446 2677 1.
468 2645 682 2684 Plutarchus,
704 2645 861 2684 Pericles,
882 2646 969 2685 XIII,
985 2646 1099 2686 XXIV,
1120 2646 1265 2678 XXXIII.

419 2694 448 2724 2.
471 2693 657 2731 Plutarch,
678 2693 836 2730 Pericles,
862 2694 907 2731 V3
929 2693 972 2725 cf.
998 2693 1058 2731 id„
1083 2703 1111 2725 c.
1127 2703 1247 2726 xxvm.

420 2741 448 2771 3.
473 2740 556 2772 Vide
584 2740 732 2781 Sauppe,
760 2741 800 2771 de
816 2740 997 2772 Plutarchi
1016 2740 1180 2781 fontibus,
1201 2741 1238 2774 in
1257 2739 1533 2781 Abhandlunqen
1557 2738 1618 2772 der
1641 2737 1824 2771 Gesellsch.
1843 2739 1904 2772 der

384 2787 589 2820 Wissensch.
606 2792 647 2819 zc‘l
663 2788 855 2828 Gottinyem
877 2788 966 2827 1868,
986 2797 1019 2830 p.
1038 2789 1088 2820 30.

420 2838 450 2866 4.
474 2834 659 2873 Plutarch.,
679 2835 838 2873 Pericles,
855 2835 924 2867 XV.

423 2884 451 2915 5.
470 2883 618 2925 Sauppe,
637 2892 688 2924 op.
705 2881 851 2921 laudat„
868 2892 901 2924 p.
919 2883 947 2913 6.
