2125 3534
1054 282 1283 326 '—70-

786 552 806 606 §
830 552 867 592 1.
891 576 947 582 -
966 551 1027 593 De
1047 549 1265 593 historicis·
1285 548 1400 592 Ionis
1419 547 1554 591 libris.

467 692 565 736 Duo
586 691 707 734 Ionis
728 691 984 735 ferebantur
1004 692 1207 736 historici
1228 691 1330 734 libri
1355 706 1363 734 :
1391 697 1476 732 Χίου
1496 697 1607 738 κτίσις
1628 694 1671 734 et
1691 697 1900 747 Ἐπιδημίαι
1918 710 1926 737 ;

409 763 537 815 Τ11111,
573 763 619 804 111
650 762 795 814 fallor,
835 764 981 810 Κτίσις1
1013 779 1038 807 a
1068 767 1220 806 nostro
1249 761 1499 820 composita
1532 764 1598 804 est
1623 777 1743 815 cum,
1774 777 1930 807 recens

410 833 552 876 adhuc
575 833 627 876 ab
649 833 960 877 adolescentiae
981 834 1155 887 studiis,
1180 834 1321 877 menti
1345 833 1477 876 altius
1504 832 1722 891 impressa
1742 834 1931 878 mirifica

409 907 474 947 tot
505 905 736 962 epicorum
771 905 1024 948 carminum
1065 908 1322 949 com-menta
1354 903 1546 946 habebat
1584 907 1627 946 et
1660 904 1708 946 in
1736 903 1930 961 juvenili

409 976 627 1018 memoria
647 976 859 1034 vigebant
873 976 925 1019 de
948 977 1142 1034 antiquis
1161 976 1314 1034 patria}
1336 974 1616 1033 temporibus
1637 974 1798 1019 fabulae
1820 991 1930 1034 quas

409 1061 520 1105 puer
557 1047 784 1104 quondam
823 1047 922 1090 Chii
966 1051 1168 1090 narratas
1202 1046 1448 1090 audiverat.
1480 1053 1596 1088 Κτίσιν
1637 1048 1929 1105 componenti

409 1132 501 1160 non
522 1132 704 1161 necesse
731 1118 816 1161 fuit
833 1118 947 1171 Ioni,
971 1122 1021 1161 ut
1040 1118 1101 1161 ita
1129 1118 1291 1170 dicam,
1311 1120 1490 1176 poetam
1514 1132 1558 1160 se
1587 1132 1683 1160 esse
1704 1117 1924 1162 oblivisci.

407 1189 572 1232 Mutato
594 1189 715 1232 enim
735 1192 910 1232 tantum
938 1189 1114 1232 dicendi
1134 1204 1313 1247 genere,
1338 1188 1455 1246 quod
1486 1188 1711 1241 liberiore,
1734 1203 1817 1232 nec
1832 1188 1927 1247 jam

408 1259 594 1319 pedibus
616 1263 659 1303 ct
686 1261 842 1303 metris
865 1260 1090 1313 adstricto,
1117 1275 1251 1303 cursu
1277 1259 1456 1312 fluebat,
1488 1259 1636 1318 operis
1662 1259 1759 1318 ipsa
1785 1265 1928 1304 mate-

408 1331 494 1374 ries
515 1345 607 1373 non
634 1334 727 1374 erat
748 1331 979 1374 mutanda.
1005 1330 1222 1384 Quamvis
1250 1330 1388 1382 enim,
1413 1330 1536 1373 Ionis
1559 1333 1703 1383 aetate,
1733 1330 1830 1389 jam
1857 1347 1927 1375 re—

407 1417 507 1445 rum
527 1402 764 1460 scriptores
785 1401 1024 1460 diligentes
1055 1402 1103 1444 in
1130 1401 1433 1459 disquirendis
1463 1401 1790 1459 antiquissimis
1817 1418 1927 1462 gen-

407 1473 521 1515 tium
554 1473 862 1515 monumentis
887 1487 981 1515 esse
1013 1475 1299 1526 conarentur,
1321 1487 1413 1514 non
1441 1472 1628 1515 omnino
1649 1475 1802 1516 tamen
1829 1488 1928 1517 eva-

405 1547 565 1587 nuerat
593 1558 646 1586 ex
672 1543 837 1586 animis
864 1548 990 1587 vetus
1018 1543 1258 1587 credulitas
1292 1546 1334 1585 et
1366 1543 1441 1585 vix
1473 1543 1528 1586 ad
1562 1544 1854 1601 praesentium
1887 1548 1929 1588 et

405 1614 664 1673 graviorum
686 1629 835 1657 rerum
860 1614 1290 1673 contemplationem
1319 1614 1458 1657 animi
1487 1629 1532 1657 se
1551 1615 1875 1659 convertebant
1895 1617 1924 1659 2.

402 1685 555 1743 Neque
574 1686 619 1728 in
648 1685 835 1728 dubium
855 1686 1004 1729 vocari
1026 1689 1170 1744 potest
1189 1686 1297 1743 quin
1318 1685 1394 1728 ille
1415 1685 1468 1727 cle
1489 1685 1590 1728 Clcz'z'
1609 1686 1853 1744 oriqz‘m'bus
1870 1687 1926 1729 li-

402 1756 480 1800 ber
511 1755 713 1813 ejusdem
747 1757 922 1815 generis
955 1756 1140 1800 fabellas
1179 1756 1469 1809 continuerit,
1518 1756 1681 1814 quibus
1721 1757 1927 1801 solebant

401 1841 558 1871 omnes
577 1835 810 1886 λογογράφοι,
834 1828 907 1886 qui
924 1828 1148 1881 dicuntur,
1164 1828 1385 1871 lectorum
1404 1828 1580 1871 animos
1598 1828 1803 1873 allicere:
1824 1829 1925 1872 deo-

400 1913 500 1941 rum
522 1899 693 1942 scilicet
714 1914 817 1942 cum
839 1899 1120 1953 mortalibus,
1150 1898 1307 1957 primis
1324 1899 1476 1957 gentis
1498 1899 1773 1953 auctoribus,
1798 1915 1925 1944 com-

398 1970 579 2022 mercia,
610 1974 904 2028 portentaque
931 1970 1068 2023 varia,
1094 1970 1212 2013 inter
1233 1985 1329 2028 quae
1351 1970 1493 2013 mixta
1523 1974 1750 2013 certarum
1773 1986 1924 2015 rerum

397 2041 620 2085 nonnulla
639 2041 827 2100 vestigia
846 2042 921 2085 vix
942 2041 1218 2100 apparebant
1238 2043 1265 2084 ³.
1285 2041 1494 2100 Exempli
1513 2041 1671 2100 gratia,
1689 2042 1822 2086 liceat
1836 2042 1923 2087 huc

397 2112 552 2157 afferre
574 2113 724 2156 locum
746 2112 986 2171 quemdam
1007 2128 1061 2156 ex
1081 2112 1306 2156 Pausania
1324 2114 1589 2156 arcessitum
1610 2114 1627 2138 4
1656 2127 1664 2156 :

443 2251 460 2267 «
483 2237 562 2282 Ion,
585 2236 854 2284 tragoediarum
870 2240 1015 2282 auctor,
1032 2238 1072 2273 in
1087 2237 1249 2273 historia.
1269 2248 1336 2273 sua
1357 2237 1400 2285 (ἐν
1421 2244 1461 2283 τῇ
1483 2236 1666 2284 συγγραφῇ)
1682 2239 1815 2273 narrat
1828 2238 1924 2283 Nep-

398 2298 533 2331 tunum
563 2296 602 2331 in
622 2296 789 2332 insulam
811 2297 958 2342 Chium,
983 2299 1063 2332 tum
1092 2297 1295 2342 desertam,
1324 2297 1537 2342 advenisse,
1569 2297 1922 2343 commerciumque

436 2433 462 2462 1.
485 2432 560 2463 Non
581 2431 644 2464 sub
659 2431 780 2464 eodem
795 2431 896 2464 titulo
918 2432 960 2464 ab
981 2432 1182 2464 auctoribus
1204 2432 1366 2465 laudatur
1385 2432 1450 2464 hoc
1469 2432 1563 2464 Ionis
1587 2442 1685 2474 opus.
1709 2433 1922 2475 Simpliciter

394 2478 496 2513 κτίσις
513 2479 555 2510 ab
575 2479 821 2520 Aristophanis
840 2479 1027 2511 scholiasta
1044 2480 1240 2521 appellatur
1253 2480 1351 2521 (Paar,
1368 2490 1398 2511 V.
1423 2481 1511 2521 835);
1527 2490 1546 2511 a
1564 2481 1735 2513 Pausania
1755 2481 1921 2523 συγγραφή

393 2525 477 2565 (VH,
501 2527 530 2563 4,
553 2526 601 2566 8);
621 2525 650 2556 ἐν
673 2527 716 2566 τῷ
730 2528 802 2567 περὶ
817 2527 891 2558 Χίου
909 2528 1032 2559 scribit
1047 2528 1233 2560 Athenaeus
1248 2529 1299 2570 (X,
1313 2530 1383 2568 426,
1405 2529 1453 2570 e);
1469 2528 1498 2559 ἐν
1514 2528 1589 2559 Χίου
1609 2529 1725 2568 κτίσει,
1743 2530 1922 2570 Etymolo-

393 2573 509 2612 gicum
524 2582 703 2613 magnum,
720 2584 747 2605 s.
764 2584 795 2605 v.
818 2574 954 2616 λόγχας.

432 2622 461 2650 2.
482 2620 574 2651 Inter
593 2622 726 2652 veteres
747 2631 867 2653 rerum
890 2623 1089 2664 scriptores,
1117 2623 1141 2654 ii
1163 2623 1222 2664 qui
1238 2623 1291 2655 vel
1310 2623 1511 2665 gravissimi
1532 2623 1717 2662 habentur,
1740 2624 1920 2656 Hecataeus

393 2669 526 2700 scilicet
545 2669 710 2707 Milesius,
731 2669 866 2701 Charon
881 2670 1150 2711 Lampsacenus,
1168 2671 1367 2702 Hellanicus
1387 2671 1640 2712 Mitylenensis,
1660 2671 1807 2703 multam
1827 2673 1920 2703 vete-

394 2726 472 2748 rum
492 2717 691 2748 fabularum
717 2717 929 2758 farraginem
954 2717 1168 2759 collegerant
1185 2720 1219 2750 et
1246 2718 1283 2750 in
1311 2719 1384 2750 suis
1411 2719 1575 2761 operibus
1600 2719 1804 2751 retulerant.
1826 2719 1921 2751 Inter

394 2762 514 2797 κτίσεις
530 2772 607 2803 quffi
622 2763 790 2794 Hellanici
810 2764 1023 2802 ferebantur,
1038 2765 1196 2805 quaedam
1221 2767 1295 2798 erat
1307 2766 1382 2797 Χίου
1399 2766 1512 2801 κτίσις.

436 2811 464 2841 3.
486 2810 568 2842 Vide
589 2820 665 2851 quaa
690 2811 731 2842 de
751 2812 926 2843 veteribus
944 2812 1171 2844 historiarum
1186 2814 1388 2846 auctoribus
1413 2814 1536 2848 scribit
1551 2812 1741 2855 Dionysius
1763 2813 1920 2847 Halicar-

399 2858 588 2896 nassensis,
613 2858 773 2899 Thueyd.‚
789 2868 817 2890 c.
834 2868 885 2890 VI:
906 2878 944 2883 —
965 2859 1011 2892 Cf.
1033 2860 1093 2899 ich,
1109 2860 1204 2900 ibid.²
1229 2862 1266 2894 V.

438 2906 467 2936 4.
488 2905 687 2947 Pausanias,
709 2906 780 2947 Vll,
800 2908 830 2946 4,
850 2908 877 2945 8.,
