2125 3534
768 275 999 317 -47-

124 387 525 447 grammaticorum
544 385 591 427 in
607 383 817 427 manibus
835 384 1016 426 fuerint.
1042 384 1153 426 Cum
1174 383 1420 426 NVclckerii
1437 382 1647 440 opinione

125 459 335 517 congruit
354 456 471 516 quod
499 455 710 499 undecim
732 469 921 497 numero
941 459 1046 497 sunt
1067 454 1187 496 louis
1210 454 1369 496 sabulw
1390 453 1517 495 titulo
1536 453 1648 509 frag-

124 530 380 587 mentisque
412 531 552 579 notae3
582 526 669 569 alia
695 540 801 567 vero
835 525 952 567 inter
991 525 1242 583 sragnwnta
1281 540 1378 582 quae
1409 522 1490 565 sub
1522 523 1648 564 titulo

125 601 403 644 incertarum
440 597 693 641 fabularum
721 595 933 641 eduntur,
971 595 1062 637 lieri
1098 599 1241 653 potest
1274 598 1318 637 ut
1354 592 1558 651 quadam
1599 607 1650 634 ex

127 670 393 714 duodecima
413 669 491 712 illa
514 667 679 719 fabula,
698 665 828 723 cujus
850 666 1007 708 titulus
1030 666 1122 723 ipse
1146 666 1489 723 p1=1·iit‚sumpta
1510 663 1600 705 sint
1622 664 1649 705 ¹.

185 741 250 785 De
280 738 500 799 Omphala
524 737 619 796 jam
646 738 692 780 in
714 736 943 794 superiore
971 736 1112 794 capite
1143 735 1453 779 disseruimus.
1481 735 1651 786 Cetera,

128 827 225 871 quae
270 811 325 854 ad
371 825 452 853 nos
490 811 816 868 pervenerunt,
864 807 1182 865 t1·agu=diarum
1229 807 1504 864 fragmenta,
1546 804 1656 847 adeo

128 898 287 943 pauca,
311 881 469 926 mutila
491 884 534 924 ct
555 879 688 923 exilia
708 882 811 922 sunt
840 882 887 921 ut
909 893 961 921 ex
985 878 1037 920 iis
1059 878 1188 926 nihil,
1219 882 1263 920 ut
1291 878 1351 920 ita
1373 877 1536 928 dicam,
1561 874 1657 918 erui

127 954 269 1013 possit.
288 967 390 1011 quo,
415 966 506 994 non
528 950 628 994 dico
658 949 820 992 fabula*
843 949 953 991 ratio
979 952 1020 991 ct
1049 953 1211 995 textus,
1236 947 1312 990 sed
1338 950 1658 1005 argumentum

127 1024 277 1083 ipsum
304 1024 616 1081 cognoscatur.
647 1020 704 1062 lli
732 1019 1052 1078 tragoediarum
1075 1019 1190 1062 tituli
1219 1022 1323 1061 sunt
1355 1032 1362 1060 :
1387 1020 1658 1076 Ayamemno

132 1093 418 1153 (Ἀγαμέμνων),
471 1091 684 1134 Aclmena
730 1091 969 1148 ('A).r.;2·rjv·r,³,
1027 1090 1180 1148 Aryire'
1231 1090 1440 1148 (Ap-(2732),
1488 1091 1662 1131 Laertes

131 1164 340 1224 (Λαέρτης),
370 1162 561 1206 ΡΙιωηίαε
590 1162 681 1204 sice
712 1163 893 1206 Caeneus
918 1165 1051 1219 (Φοῖνιξ
1071 1169 1092 1213 Ρ,
1116 1163 1288 1216 Καινεύς),
1317 1160 1503 1205 Plzoenioe
1523 1158 1663 1201 altera

132 1237 271 1296 (Φοῖνιξ
300 1236 487 1292 δεύτερος),
519 1235 736 1292 Maqnzem
762 1236 927 1276 Drama
955 1236 1066 1290 (Μέγα
1087 1234 1238 1290 δρᾶμα),
1272 1234 1430 1276 Teucer
1463 1230 1660 1290 (Τεῦκρος),

132 1306 366 1366 Eurytidoe
388 1305 626 1364 (Εὐρυτίδαι),
655 1305 944 1348 Excubitor&
966 1305 1167 1363 (Φρῡυροί).

193 1379 257 1422 De
280 1379 610 1436 Aqamemnone
637 1375 743 1434 quid
771 1375 919 1419 dicam
947 1376 1116 1429 nescio,
1148 1390 1251 1419 cum
1285 1375 1400 1418 nihil
1437 1374 1525 1417 nisi
1556 1387 1665 1416 con-

131 1447 318 1508 jecturae
345 1463 479 1492 merae
519 1447 572 1491 dc
609 1462 660 1490 ea
690 1446 841 1490 fabula
870 1447 1015 1490 atl'erri
1044 1447 1230 1505 possint.
1262 1446 1590 1504 AEschylumne
1621 1444 1668 1485 in

136 1523 404 1579 argumento
436 1517 664 1577 tragoediae
707 1517 789 1561 Ion
831 1522 1011 1561 secutus
1045 1523 1125 1571 est,
1161 1523 1209 1561 ut
1248 1522 1375 1577 putat
1407 1514 1669 1560 Nieberdin-

137 1592 237 1651 gius
257 1592 286 1644 2,
311 1606 384 1643 an,
409 1590 563 1633 relicta
583 1589 944 1648 Agamemnonis
972 1589 1107 1635 caedc.
1131 1604 1301 1633 novum
1324 1587 1493 1646 aliquid
1515 1601 1667 1637 ausus,

136 1666 236 1722 post
256 1662 504 1705 Homerum
526 1660 723 1719 quidem,
757 1660 1015 1703 Graecorum
1039 1661 1165 1704 ducis
1192 1675 1296 1704 cum
1319 1658 1499 1702 Achille
1522 1655 1672 1699 inimi-

137 1734 264 1778 citias
303 1737 346 1776 et
379 1732 717 1776 reconciliatam
750 1731 867 1774 inter
906 1746 980 1775 cos
1015 1732 1206 1789 gratiam
1238 1729 1462 1780 tractavit,
1497 1731 1545 1770 ut
1577 1725 1676 1769 vult

136 1804 360 1863 Koepkius
402 1805 444 1846 ³?
476 1804 711 1846 Emunctae
740 1802 863 1845 naris
897 1816 992 1845 csse
1028 1801 1150 1845 dicas
1183 1815 1367 1844 necesse
1395 1802 1476 1851 est,
1513 1797 1676 1856 quibus

139 1876 365 1920 sufficiant
396 1875 451 1919 ad
483 1874 712 1933 tragoediae
740 1874 975 1917 materiem
1012 1871 1341 1917 enucleandam
1375 1873 1567 1928 quatuor
1602 1870 1679 1910 aut

142 1947 341 2007 quinque
374 1961 531 1990 versus
567 1960 589 1988 e
623 1945 760 1988 totius
795 1944 942 2003 operis
976 1944 1214 2002 naufragio
1242 1941 1521 2001 superstites,
1557 1938 1677 1997 iique

144 2018 277 2062 rebus
299 2017 485 2061 omnino
507 2017 679 2060 inanes.

203 2087 425 2131 Pauciora
445 2087 582 2130 etiam
604 2090 646 2129 et
671 2084 902 2144 jejuniora
922 2085 1145 2129 Alcmenae
1172 2083 1427 2142 fragmenta
1461 2083 1580 2131 sunt,
1604 2093 1682 2122 ne-

149 2173 233 2218 que
261 2159 324 2202 eis
351 2158 619 2202 examinatis
651 2157 898 2215 quidquam
932 2156 1164 2215 proficitur
1197 2155 1227 2197 4.
1261 2153 1326 2196 Ex
1355 2151 1533 2211 Arqe'vis
1564 2164 1683 2193 unus

148 2245 305 2274 versus
336 2232 555 2288 superest,
591 2243 646 2271 ne
680 2228 717 2271 is
748 2228 930 2286 quidem
962 2228 1149 2270 fortasse
1182 2226 1370 2284 integer.
1405 2222 1521 2275 Quid
1547 2221 1685 2264 vero?

150 2300 308 2345 Ionem
340 2300 606 2359 tragoediam
647 2299 732 2342 hoc
766 2299 951 2342 nomine
985 2298 1252 2356 inscriptam
1292 2293 1599 2354 composuisse
1630 2304 1686 2334 ne

194 2508 221 2539 1.
247 2506 284 2539 F.
303 2506 429 2544 Scholl,
460 2505 682 2538 Rheinisches
705 2506 857 2537 Mztseum
888 2505 974 2542 1877,
998 2503 1100 2536 Ueber
1124 2503 1184 2534 Ion
1212 2511 1276 2533 von
1298 2501 1413 2534 Chius.
1441 2500 1488 2533 Cf.
1511 2498 1688 2536 Welcker,

153 2554 215 2586 Die
236 2554 474 2586 Griechischen
498 2554 697 2594 Τιάῃόάὶεη,
724 2563 758 2594 p.
782 2554 851 2583 941.
874 2552 972 2590 Quod
994 2551 1116 2591 adjicit
1131 2549 1366 2587 Welckerius‚
1386 2547 1570 2579 duodecim
1588 2546 1690 2577 fabu-

154 2601 207 2633 las
227 2602 366 2633 tantum
383 2603 478 2633 actas
501 2610 590 2639 csse,
611 2602 747 2632 ceteras
771 2609 852 2631 vero
874 2601 1013 2631 tantum
1036 2608 1111 2630 esse
1132 2597 1296 2638 scriptas,
1315 2597 1375 2628 vix
1394 2594 1576 2638 probabile
1592 2593 1692 2624 vide-

158 2650 216 2680 tur
238 2657 324 2679 esse.

198 2696 228 2726 2.
247 2694 470 2737 Nieberding,
493 2695 534 2726 cle
552 2695 644 2726 Ionis
663 2694 744 2727 vita.
769 2693 917 2725 moribus
935 2696 967 2725 et
991 2693 1132 2731 studiis,
1148 2701 1182 2733 p.
1203 2692 1250 2722 18.

200 2743 228 2773 3.
260 2742 393 2783 Kopke,
429 2743 470 2774 de
493 2742 584 2773 Ionis
609 2742 679 2774 vita
704 2741 977 2782 effffrawnenhs,
1007 2751 1040 2782 p.
1067 2742 1115 2771 16.
1140 2739 1188 2771 Cf.
1212 2738 1368 2779 ejusdem
1393 2737 1545 2770 auctoris
1571 2736 1694 2776 dispu-

161 2789 342 2828 tationem,
363 2789 567 2830 Zeitschrifc
587 2790 612 2830 f.
631 2789 783 2820 Alterth.
806 2790 892 2827 1836,
914 2794 966 2820 110⁵
986 2789 1036 2827 73,
1053 2789 1102 2826 74,
1123 2788 1182 2825 Τάς
1205 2786 1248 2818 cf.
1267 2786 1442 2823 Welcker,
1457 2786 1511 2816 die
1526 2783 1696 2816 Griechis-

163 2837 247 2869 chen
264 2837 466 2878 Tra96dien,
481 2847 515 2878 p,
535 2838 604 2868 948.

206 2886 237 2915 4.
257 2884 342 2916 Vide
367 2884 544 2923 Welcker,
565 2883 620 2915 die
636 2883 767 2915 Grieclz.
788 2883 987 2925 Traqodien,
1006 2892 1040 2924 p.
1055 2883 1126 2914 954.
