2125 3534
1024 225 1254 269 -36-

433 338 563 392 Quod
575 353 680 383 vero
696 337 750 381 ad
771 341 977 381 nostrum
994 337 1203 397 pertinet,
1223 352 1327 382 cum
1342 352 1434 381 non
1447 337 1587 396 possit
1601 352 1697 381 esse
1719 336 1907 382 dubium

372 411 481 470 quin
503 410 605 454 odio
622 410 842 452 Periclem
869 409 950 452 Ion
972 412 1238 468 prosecutus
1260 410 1330 462 sit,
1356 423 1550 467 cumque
1584 423 1637 452 ex
1658 408 1902 452 Plutarcho

372 482 598 525 discamus
630 480 870 539 Aspasiam
904 481 1090 523 alteram
1121 480 1386 539 Omplzalam
1420 494 1498 538 per
1530 479 1854 523 contumeliam
1881 494 1907 523 a

372 553 563 597 scenicis
593 552 734 611 poetis
762 566 857 594 esse
884 555 1105 605 vocatam,
1133 552 1318 610 propius
1345 551 1480 594 fidem
1508 554 1573 594 est
1598 550 1773 604 Ionem,
1801 552 1906 594 Om-

369 624 517 683 phalae
546 625 827 682 scriptorem,
862 623 979 666 inter
1012 638 1087 666 eos
1120 638 1251 681 posse
1285 622 1579 666 annumerari
1608 622 1701 680 qui,
1731 625 1908 681 arrepta

373 695 535 739 fabulae
566 694 818 747 occasione,
844 694 1046 752 Aspasiae
1075 692 1261 753 ejusque
1292 694 1528 737 familiaris
1550 692 1738 737 Periclis
1761 708 1910 738 mores

375 770 418 810 et
439 766 577 811 vitam
595 766 642 809 in
664 780 799 809 scena
820 765 1099 809 strinxerunt
1121 766 1149 809 ¹.

588 1015 608 1070 ἓ
642 1015 681 1057 3.
718 1039 775 1044 —
810 1012 904 1064 Quo
938 1027 1055 1055 anno
1089 1021 1189 1056 acta
1219 1011 1276 1055 sic
1302 1012 1420 1056 Ioni-5
1448 1012 1688 1073 Omphala.

432 1185 606 1230 Clarius
636 1184 834 1243 quidem,
874 1184 1021 1238 credo,
1061 1185 1123 1228 ita
1155 1200 1201 1228 se
1234 1200 1330 1228 rem
1364 1185 1576 1229 habuisse
1610 1190 1837 1246 appareat,
1874 1187 1913 1231 si

374 1258 507 1317 plane
540 1268 701 1300 notum
740 1257 795 1300 sit
827 1272 914 1315 quo
948 1272 1069 1300 anno
1102 1257 1226 1300 101115
1270 1257 1492 1316 Omphala
1529 1261 1627 1301 acta
1667 1258 1736 1301 sit.
1777 1258 1913 1301 Putat

374 1328 610 1387 Koepkius
631 1329 646 1354 ”2
666 1328 865 1371 fabulam
887 1329 1042 1387 paucis
1064 1332 1167 1372 ante
1189 1328 1377 1372 Periclis
1400 1329 1572 1372 obitum
1593 1329 1726 1372 annis
1752 1329 1913 1373 induc-

375 1404 468 1443 tam
503 1414 614 1453 esse,
651 1400 768 1443 intra
803 1404 994 1458 quatuor
1031 1400 1216 1443 illorum
1250 1415 1477 1443 annorum
1516 1401 1713 1459 spatium
1752 1401 1915 1459 quibus

377 1486 584 1515 summus
613 1472 697 1524 vir,
722 1471 952 1514 diffidente
980 1471 1076 1529 jam
1109 1471 1213 1514 duci
1244 1487 1325 1515 suo
1348 1471 1544 1524 civitate,
1570 1472 1916 1516 inimicitiarum

375 1544 516 1586 fluctu
557 1557 684 1601 paene
728 1542 916 1586 obrutus
956 1546 1036 1595 est,
1074 1557 1178 1586 cum
1207 1542 1283 1585 alii
1332 1543 1588 1586 carissimos
1621 1543 1719 1602 ejus
1746 1534 1936 1588 amicos*

376 1613 600 1667 Phidiam,
640 1614 977 1673 Anaxagoram,
1013 1614 1254 1673 Aspasiam
1290 1615 1452 1673 ipsam,
1496 1615 1742 1674 impietatis
1778 1630 1915 1660 causa

373 1686 421 1728 in
448 1684 524 1742 jus
558 1688 788 1737 vocarent,
834 1686 909 1728 alii
937 1686 1089 1744 ipsum
1134 1685 1300 1729 odiosis
1334 1686 1602 1730 criminibus
1634 1687 1916 1730 insectaren-

371 1760 444 1800 tur
475 1757 678 1812 (433-429
724 1759 827 1799 ante
859 1755 939 1800 Ch.
975 1758 1054 1812 11).
1091 1757 1196 1800 Haec
1226 1760 1350 1800 tanta
1380 1758 1427 1800 in
1460 1757 1687 1801 Periclem
1716 1757 1833 1811 odia,
1865 1762 1916 1802 ut

372 1827 585 1887 opinatur
612 1827 864 1886 Koepkius‚
889 1843 983 1871 non
1003 1828 1086 1871 Ion
1112 1828 1208 1887 ipse
1234 1829 1552 1883 inflammavit,
1578 1829 1656 1873 sed
1683 1830 1917 1874 communi

374 1898 582 1942 omnium
612 1898 713 1942 odio
743 1899 838 1958 ipse
871 1914 1090 1943 accensus
1120 1903 1201 1946 651,
1236 1900 1297 1944 ita
1320 1904 1371 1944 ut
1396 1900 1501 1944 inde
1532 1900 1781 1946 scribendae
1812 1903 1918 1946 Om-

366 1971 524 2032 phaloe
544 1970 831 2014 occasionem
853 1974 1006 2014 noster
1026 1971 1281 2030 arripuerit.

434 2046 496 2089 At
515 2044 720 2104 quaedam
745 2049 854 2088 sunt
874 2061 971 2104 quae
993 2046 1170 2105 possint
1197 2044 1402 2105 opinioni
1424 2059 1559 2103 quam
1584 2048 1736 2089 tuetur
1760 2045 1914 2105 Koep-

378 2116 482 2161 kius
515 2115 668 2174 objici.
704 2116 875 2175 Nempe
904 2116 1001 2175 jam
1032 2121 1136 2160 ante
1168 2131 1342 2160 annum
1372 2118 1454 2160 433
1489 2120 1719 2176 coeperant
1752 2117 1915 2161 comici

379 2188 621 2247 scriptores
654 2187 876 2231 Periclem
911 2189 959 2231 in
993 2204 1128 2232 scena
1161 2188 1378 2241 deridere,
1418 2191 1551 2246 atque
1579 2187 1676 2246 jam
1709 2188 1814 2232 inde
1858 2188 1914 2233 ab

379 2274 499 2303 anno
515 2261 596 2302 440
613 2259 660 2302 in
676 2262 853 2302 tantum
869 2264 1069 2304 creverat
1084 2264 1322 2319 poetarum
1341 2258 1543 2313 audacia,
1562 2263 1612 2302 ut
1628 2275 1763 2304 scena
1781 2260 1919 2319 digna

378 2330 475 2374 visa
507 2333 624 2373 esset
656 2345 753 2388 quae
801 2331 1024 2375 severiore
1058 2332 1157 2390 lege
1194 2335 1426 2391 regeretur
1457 2331 1487 2374 3.
1524 2330 1761 2385 Praeterea,
1800 2332 1919 2376 intra

379 2416 523 2445 annos
553 2403 757 2455 433-429,
795 2402 905 2446 adeo
936 2402 1077 2445 firmis
1108 2403 1276 2447 civium
1320 2403 1573 2447 studiorum
1607 2402 1916 2447 fundamentis

376 2472 604 2516 nitebatur
620 2473 807 2517 Periclis
831 2478 1042 2533 potestaS,
1065 2478 1113 2518 ut
1135 2476 1290 2519 nullus
1306 2475 1484 2535 jamdiu
1508 2478 1704 2519 exstaret
1723 2474 1916 2519 aemulus

417 2659 446 2689 1.
478 2657 526 2689 Ea
553 2657 674 2699 opinio
695 2667 766 2690 non
790 2660 863 2691 tota
883 2661 1006 2692 nostra
1031 2661 1093 2699 est,
1115 2661 1246 2703 quippe
1270 2670 1376 2702 quam
1402 2660 1591 2703 protulerit
1620 2658 1705 2691 olim
1736 2657 1920 2700 Koepkius

375 2704 596 2746 (Zeitsclzrz'ft
610 2706 637 2746 s.
657 2705 689 2736 d.
707 2706 998 2739 Altertlzumwiss.
1020 2709 1108 2747 1836,
1125 2715 1164 2740 110
1181 2710 1243 2750 75),
1265 2719 1369 2750 quem
1384 2709 1420 2740 in
1435 2718 1476 2740 ea
1494 2718 1532 2740 re
1551 2718 1675 2741 verum
1689 2709 1912 2752 perspexisse

378 2754 566 2792 credimus,
589 2763 791 2796 quanquam
809 2764 880 2786 non
904 2756 1023 2787 omnia
1044 2756 1145 2787 nohis
1168 2757 1309 2797 placent
1327 2757 1364 2788 in
1384 2758 1460 2797 ejus
1481 2756 1732 2797 disputatione.

419 2803 449 2832 2.
474 2802 629 2843 Koepke,
649 2802 847 2843 Zeitschrif.
872 2803 899 2843 f.
917 2804 950 2834 d.
968 2803 1120 2835 Altertlz.
1142 2804 1244 2835 W'z'ss.
1272 2805 1360 2842 1836,
1382 2809 1422 2834 n0
1447 2804 1497 2835 75.

420 2850 449 2881 3.
472 2849 622 2889 Curtius,
641 2850 728 2882 Hist.
746 2859 896 2893 grecque
917 2851 974 2891 ΙΙΙ,
988 2861 1022 2892 p.
1045 2852 1096 2891 43,
1116 2851 1153 2883 in
1176 2851 1303 2893 gallica
1322 2850 1565 2884 translatione.
