2125 3534
1046 303 1277 346 „54-

398 414 541 464 aetate,
571 426 741 455 novum
774 426 947 455 morem
980 411 1211 455 induxisse
1239 411 1413 455 fabulas
1434 410 1659 454 scribendi
1690 426 1784 455 non
1810 411 1921 470 jam,

398 486 446 525 ut
472 485 616 536 antea,
641 484 758 526 inter
777 498 822 526 50
850 483 1067 527 continua
1090 484 1290 543 ipsarum
1320 497 1471 526 rerum
1496 482 1610 525 serie
1631 486 1706 526 aut
1735 483 1925 527 arctiore

397 553 591 611 quodam
618 554 801 597 vinculo
831 569 1073 609 connexas⁷
1099 555 1175 598 sed
1206 553 1486 613 argumentis
1516 553 1663 596 varias
1685 557 1727 596 et
1748 553 1926 612 sejunc-

395 627 461 667 tas
489 625 498 650 ¹
525 639 533 667 :
559 640 656 683 quae
678 640 936 684 quanquam
955 630 1050 669 tum
1067 626 1203 669 etiam
1218 640 1409 668 numero
1428 627 1622 682 quatuor
1639 628 1780 678 erant,
1807 625 1924 668 nihil

393 698 545 738 tamen
566 696 684 739 inter
704 711 749 739 se
769 711 1011 740 commune
1039 697 1278 749 habebant,
1302 696 1390 740 nisi
1412 694 1531 753 quod
1552 695 1600 737 in
1618 695 1777 738 eodem
1803 695 1926 739 thea-

392 769 460 809 tro
492 770 535 809 et
565 766 726 809 iisdem
759 767 883 810 festis
920 767 1074 811 diebus
1108 768 1371 827 agebantur.
1409 767 1594 809 Constat
1625 770 1777 809 autem
1804 767 1924 811 hunc

392 851 566 880 morem
588 838 785 882 secundo
821 839 946 898 vulgi
979 840 1130 883 favore
1162 842 1398 897 acceptum
1432 852 1528 881 esse
1560 841 1603 880 et
1635 838 1689 881 ab
1709 838 1924 898 AEschylo

392 907 489 966 ipso
508 923 603 952 esse
625 909 984 968 comprobatum,
1012 911 1086 969 qui
1121 910 1443 968 tragoediarum
1476 923 1660 952 suarum
1691 910 1924 968 cognatio-

391 994 497 1022 nem
518 980 736 1024 laxiorem
758 981 1000 1040 aliquando
1020 996 1114 1025 esse
1134 996 1292 1040 passus
1317 984 1396 1024 est.
1422 981 1677 1038 Utcumque
1705 995 1750 1023 se
1784 994 1836 1023 ea
1855 995 1925 1024 res

392 1050 538 1104 habet,
575 1055 676 1110 post
712 1052 979 1111 AEschylum
1020 1052 1197 1095 videtur
1232 1066 1331 1094 mos
1372 1051 1713 1109 tetralogiarum
1751 1051 1924 1095 obsole-

389 1121 507 1164 visse
532 1135 540 1164 :
565 1122 683 1180 quod
705 1123 741 1165 si
769 1124 843 1181 qui
870 1127 970 1182 post
990 1122 1087 1181 ejus
1108 1127 1302 1166 mortem
1334 1122 1420 1165 hoc
1448 1121 1753 1180 componendi
1780 1137 1923 1180 genus

390 1192 524 1236 etiam
556 1194 865 1248 observavere,
891 1198 939 1237 ut
959 1194 1185 1237 Philocles
1214 1192 1342 1251 cujus
1364 1193 1575 1251 operibus
1594 1193 1923 1236 annumeraba-

388 1266 460 1306 tur
480 1269 663 1311 Πανδιονίς
686 1272 714 1313 2,
740 1269 783 1307 et
804 1265 982 1307 Melitus
1011 1265 1086 1323 qui
1114 1264 1255 1307 fertur
1284 1270 1505 1306 Οἰδιποδείκν
1530 1264 1762 1322 scripsisse
1783 1265 1812 1317 3,
1838 1264 1921 1307 ho-

388 1349 488 1377 rum
515 1338 749 1393 poetarum
776 1335 937 1378 fabula}
969 1350 993 1378 a
1026 1334 1354 1378 consuetudine
1387 1338 1485 1377 tum
1517 1335 1698 1393 vigente
1733 1349 1920 1393 prorsus

387 1405 545 1449 alienae
564 1405 760 1448 fuerunt.
790 1406 1063 1464 Exemplum
1092 1406 1331 1464 Sophoclis
1359 1405 1597 1464 Euripides
1626 1410 1807 1449 secutus
1839 1409 1919 1458 est,

388 1490 533 1534 neque
560 1491 761 1534 unquam
788 1477 1038 1520 arctissimo
1062 1476 1247 1520 vinculo
1275 1476 1450 1519 fabulas
1481 1491 1584 1519 suas
1604 1476 1723 1519 inter
1743 1491 1789 1519 se
1811 1491 1922 1520 con—

386 1546 630 1590 nectendas
663 1548 849 1590 fortasse
878 1548 1054 1591 curavit
1072 1549 1101 1591 4.
1134 1547 1252 1600 Quid
1282 1551 1377 1591 erat
1408 1562 1489 1590 cur
1516 1547 1598 1590 1011
1621 1546 1718 1605 jam
1749 1548 1922 1591 obsole-

385 1621 481 1660 tum
502 1632 644 1676 genus
666 1619 892 1670 retineret,
916 1619 1022 1672 imo,
1046 1622 1096 1662 ut
1113 1619 1263 1662 verius
1291 1618 1454 1671 dicam,
1480 1633 1617 1677 prope
1632 1617 1729 1676 jam
1749 1618 1803 1662 ab
1825 1634 1921 1662 om-

384 1689 516 1732 nibus
544 1688 809 1733 derelictum
849 1690 1116 1743 restitueret,
1155 1704 1260 1733 cum
1295 1704 1463 1733 novam
1503 1689 1740 1748 Sophoclis
1776 1693 1920 1733 artem

383 1760 506 1818 vulgi
533 1759 660 1803 favor
680 1764 955 1818 sequeretur,
984 1765 1027 1804 et
1054 1764 1179 1804 tanta
1200 1759 1333 1804 laude
1355 1761 1535 1803 floreret
1561 1759 1816 1819 Euripides,
1842 1776 1919 1804 cu-

377 1829 451 1888 jus
490 1831 696 1890 exemplo
729 1835 883 1875 noster
915 1831 1159 1876 docebatur
1191 1847 1328 1890 quam
1368 1835 1495 1890 grata
1530 1831 1755 1875 universae
1794 1831 1916 1891 plebi

380 1917 498 1945 nova
525 1903 829 1961 componendi
860 1903 973 1946 ratio
1011 1907 1149 1956 esset,
1191 1907 1234 1946 et
1269 1917 1404 1962 quem
1432 1902 1516 1946 sibi
1549 1902 1712 1946 ducem
1739 1903 1914 1962 potius,

380 1987 515 2031 quam
536 1973 822 2033 AEschylum,
853 1975 1042 2033 elegisse
1063 1978 1244 2034 poetam
1264 1978 1471 2018 nostrum
1493 1989 1588 2017 non
1615 1973 1917 2018 dubitaverim

379 2044 602 2088 arbitrari.

437 2115 721 2174 Cogemurne
750 2117 887 2175 igitur
916 2117 969 2161 de
997 2117 1118 2161 Ionis
1138 2117 1370 2176 tragoediis
1392 2117 1548 2161 omnia
1573 2117 1762 2161 omnino
1790 2117 1917 2177 igno-

380 2189 508 2230 rare?
538 2186 637 2229 Non
667 2188 820 2231 omnia
847 2189 1051 2247 quidem3
1074 2188 1151 2232 sed
1172 2204 1315 2248 pauca
1337 2192 1459 2242 sunt,
1496 2189 1656 2241 fateor,
1688 2204 1787 2247 quae
1815 2189 1915 2248 quis

379 2273 432 2301 ex
457 2258 722 2317 fragmentis
745 2263 787 2303 et
803 2260 928 2303 velut
948 2261 1255 2304 minutissimo
1285 2261 1470 2320 pulvere
1498 2261 1642 2319 possit
1663 2260 1910 2304 extrahere.

379 2328 595 2381 Quaedam
619 2333 786 2384 tamen,
823 2346 904 2375 nec
946 2331 1214 2390 spernenda,
1244 2347 1348 2376 cum
1385 2332 1481 2376 sola
1509 2332 1614 2383 sint,
1647 2331 1755 2375 11001
1784 2332 1913 2377 111νο-

377 2415 489 2444 mre.

434 2472 638 2516 Primum
661 2473 783 2517 enim
803 2473 911 2533 ipsis
932 2474 1255 2533 tragoediarum
1284 2475 1426 2519 titulis
1453 2473 1757 2518 admonemur
1786 2473 1913 2519 fabu-

416 2630 442 2659 1.
469 2629 605 2667 Suidas,
628 2639 654 2661 s.
671 2640 702 2661 v.
719 2631 890 2672 Σοφοκλῆς
907 2642 913 2664 :
930 2634 985 2664 καὶ
1003 2633 1098 2669 αὐτὸς
1115 2635 1148 2675 (l.
1171 2636 1309 2676 πρῶτος)
1329 2633 1403 2677 ἦρξε
1419 2636 1475 2667 τοῦ
1495 2635 1599 2677 δρᾶμα
1616 2637 1695 2678 πρὸς
1712 2635 1816 2678 δρᾶμα
1832 2636 1912 2678 ἄγω·

373 2675 510 2713 νίζεσθαι
546 2676 632 2707 ἀλλὰ
664 2679 708 2718 μὴ
736 2678 957 2721 τετραλογίαν.
988 2682 1070 2720 Quae
1101 2682 1217 2721 verba,
1242 2692 1445 2725 quanquam
1466 2684 1684 2724 obscuriora,
1712 2684 1815 2716 multi
1844 2685 1911 2717 hoc

375 2723 479 2755 modo
500 2724 758 2757 intellexerunt.

415 2772 443 2801 2.
461 2771 575 2803 Schol.
596 2773 773 2816 Aristoph.
791 2775 833 2807 ad
853 2776 951 2815 Aves,
970 2787 1002 2809 v.
1022 2779 1091 2809 281.

416 2820 443 2849 3.
465 2819 671 2852 Aristoteles
688 2823 781 2864 apud
796 2824 908 2856 Schol.
930 2826 1061 2858 Platon.
1081 2827 1238 2868 Apoloq„
1263 2828 1299 2860 18
1312 2828 1346 2860 b.

414 2869 443 2897 4.
460 2867 544 2899 vide
565 2869 765 2910 Bergkium,
783 2871 914 2903 Griech.
930 2873 1086 2915 ruerat„
1102 2875 1159 2915 111,
1180 2868 1213 2917 p.
1236 2877 1294 2908 230
1315 2884 1405 2918 sqq„
1421 2885 1502 2909 oum
1521 2875 1615 2909 notis
1638 2877 1692 2909 111
1716 2877 1839 2917 et1123
1862 2877 1904 2910 cf.

378 2914 487 2955 Patin,
512 2917 674 2959 Traqe'dz'e
687 2928 842 2962 qrecque,
858 2920 883 2959 1,
900 2930 933 2965 p.
953 2922 1001 2954 30.
