2125 3534
908 279 1108 320 -7-

239 389 450 449 legimus,
474 391 518 431 et
542 387 751 432 convivio
778 388 956 433 affuisse
986 390 1034 433 in
1065 390 1283 434 honorem
1311 389 1513 432 Cimonis
1542 389 1761 441 instituto,

241 461 316 519 qui
347 475 400 503 ex
428 459 625 504 Orientis
653 459 913 517 regionibus
945 464 1042 518 post
1068 461 1335 520 Byzantium
1361 463 1558 518 captum,
1589 464 1635 502 ut
1664 460 1767 503 licet

241 530 483 589 conjicere,
520 534 615 573 tum
645 530 846 573 Athenas
879 531 1082 574 redierat..
1122 532 1203 575 llic
1246 532 1324 574 lon
1358 545 1574 589 magnum
1607 529 1766 573 ducem

240 602 428 654 audivit,
472 616 575 645 cum
615 601 733 644 inter
771 602 939 645 amicos
989 607 1234 661 nugaretur
1278 606 1320 644 et
1363 602 1609 644 discinctus
1652 602 1768 644 inter

240 662 404 733 pocula
433 672 620 725 luderet,
645 672 856 730 praeclare
884 688 909 716 a
935 688 980 717 se
1009 674 1055 716 in
1076 674 1192 717 bello
1225 673 1439 716 adversus
1462 673 1619 715 Persas
1645 675 1769 729 gesta

238 747 590 795 mem01·anten1;
615 743 787 787 audivit
810 748 1068 787 narrantem
1091 760 1178 803 quo
1201 745 1301 787 dolo
1323 760 1413 788 non
1442 743 1640 801 illepide,
1672 746 1769 801 post

239 815 393 875 oppidi
424 815 821 873 expugnationem,
857 815 1123 873 providisset
1150 820 1193 858 ut
1218 816 1452 858 meliorem
1488 814 1643 873 prmdw
1668 829 1767 872 par-

239 891 331 930 tem
358 886 660 929 Athenienses
687 886 957 943 acciperent,
987 887 1213 929 sociorum
1242 902 1346 929 vcro
1377 885 1563 929 avaritia
1591 884 1768 942 decipe-

240 961 386 1009 retu1·;
422 971 601 999 necnon
635 955 689 998 ad
712 956 931 999 citharam
970 958 1172 1000 canentis
1206 973 1313 1001 voce
1345 957 1590 999 delectatus
1612 958 1690 1006 est,
1725 955 1769 997 in

241 1044 329 1087 qua
360 1031 453 1071 arte
485 1026 688 1069 convivis
721 1027 940 1070 excellere
970 1029 1037 1071 vir
1069 1029 1273 1086 egregius
1309 1028 1418 1071 adeo
1451 1027 1574 1070 visus
1610 1029 1689 1073 est.
1723 1028 1773 1067 ut

242 1113 401 1143 omnes
435 1112 538 1141 eum
569 1097 818 1149 laudarent,
856 1102 899 1141 ct
933 1099 1239 1152 Themistocli,
1273 1099 1345 1156 qui
1379 1097 1474 1156 jam
1502 1101 1598 1139 tum
1631 1096 1771 1139 Athe-

242 1169 478 1214 niensibus
500 1171 681 1227 propter
705 1169 962 1227 superbiam
994 1170 1174 1213 invidiae
1197 1185 1292 1213 esse
1319 1168 1578 1227 incipiebat,
1602 1166 1772 1225 ingenii

239 1240 580 1285 delectamentis
602 1240 736 1298 longe
759 1241 1125 1299 anteponendum
1148 1256 1242 1284 esse
1267 1240 1581 1299 profiterentur
1602 1239 1630 1280 ¹.

299 1311 370 1356 Sic
399 1315 570 1363 nostro,
603 1311 750 1369 primo
778 1312 929 1355 statim
960 1312 1161 1355 Athenas
1191 1312 1402 1364 adventu,
1435 1311 1480 1354 in
1506 1310 1638 1353 domo
1670 1309 1773 1352 hos-

241 1383 345 1443 pitis
381 1382 605 1425 delineata
639 1382 776 1424 totius
821 1383 1015 1425 civitatis
1046 1383 1193 1426 brevis
1228 1383 1375 1440 imago
1416 1381 1770 1441 proponebatur3

240 1456 417 1514 poterat
448 1453 494 1495 in
528 1453 661 1495 rebus
694 1453 802 1511 ipsis
836 1453 1171 1512 deprehendere
1199 1469 1333 1511 quam
1362 1453 1485 1496 varia
1515 1456 1611 1495 tum
1632 1451 1774 1494 Athe-

239 1524 470 1568 niensium
491 1524 583 1567 vita
604 1528 734 1578 esset,
754 1539 888 1582 quam
911 1525 1094 1568 urbanis
1116 1539 1377 1568 sermonum
1400 1528 1443 1567 et
1463 1508 1775 1567 conviviorum

240 1595 467 1639 illecebris
488 1599 662 1648 ornata,
687 1610 823 1653 quam
844 1596 1028 1639 militari
1051 1596 1204 1654 gloriae
1225 1596 1413 1647 intenta,
1438 1594 1618 1653 quantis
1641 1592 1776 1636 simul

237 1667 335 1726 jam
374 1666 625 1710 factionum
659 1667 965 1710 simultatibus
1000 1667 1141 1710 divisa
1174 1671 1217 1710 et
1249 1666 1475 1709 distracta.
1508 1665 1599 1708 Nec
1637 1664 1777 1708 miror

242 1739 395 1782 animo
441 1737 742 1781 adolescentis
797 1738 1014 1781 altissime
1062 1739 1330 1797 impressam
1384 1737 1460 1780 diu
1505 1736 1775 1780 remansisse

243 1824 415 1861 earum,
434 1809 597 1867 quibus
615 1808 895 1861 interfuerat,
915 1824 1024 1867 quas
1046 1809 1292 1861 audiverat,
1317 1823 1468 1851 rerum
1490 1807 1771 1851 memoriam.

242 1882 305 1924 At
333 1881 459 1925 Cimo
481 1883 585 1923 ante
612 1879 724 1922 alios
754 1880 1060 1923 concinnitate
1083 1884 1126 1923 et
1154 1880 1433 1923 humanitate
1466 1894 1547 1921 sua
1576 1883 1777 1921 teneram

242 1952 387 1996 nostri
424 1954 627 1995 mentem
670 1950 753 1994 sibi
793 1951 971 1994 videtur
1012 1951 1266 1994 devinxisse
1300 1952 1328 2003 2,
1374 1965 1479 1994 cum
1525 1949 1775 2008 praesertim

243 2023 399 2082 magni
442 2023 565 2066 illius
600 2021 728 2066 ducis
756 2022 947 2065 virtutes
985 2023 1203 2081 gratiores
1239 2022 1375 2065 etiam
1409 2024 1559 2064 essent
1598 2024 1781 2080 propter

245 2095 457 2139 decoram
489 2094 690 2154 corporis
724 2094 937 2153 speciem,
970 2098 1103 2152 atque
1133 2094 1274 2137 animi
1301 2094 1427 2138 dotes
1456 2094 1553 2152 ipsa
1582 2092 1780 2136 hominis

245 2167 376 2221 facie,
413 2170 586 2210 statura
617 2166 808 2224 ingenti,
845 2166 1097 2224 crisporum
1130 2166 1400 2225 capillorum
1443 2163 1780 2224 pulchritudine

247 2237 728 2283 commendarentur?
761 2237 985 2290 Ceterum,
1014 2237 1111 2295 jam
1143 2237 1317 2296 pridem
1346 2251 1452 2295 erga
1482 2236 1603 2279 Ionis
1635 2249 1780 2294 popu—

246 2311 363 2356 lares
378 2324 603 2371 propensa
616 2309 851 2354 voluntate
867 2312 963 2352 erat
980 2308 1156 2362 Cimon,
1176 2308 1295 2369 quod
1316 2308 1499 2368 quidem
1516 2308 1612 2368 ipse
1628 2306 1781 2368 paucis

288 2466 317 2497 1.
343 2464 532 2503 Plutarch,
553 2464 683 2503 Cimon,
707 2464 762 2495 lx.

285 2513 316 2544 2.
339 2512 527 2551 Plutarch„
554 2511 714 2549 Pericles,
740 2511 767 2543 V
788 2519 795 2541 ε
817 2509 943 2541 ἐπαινεῖ
961 2510 993 2541 δὲ
1017 2510 1047 2551 (ὁ
1074 2512 1215 2550 ποιητὴς
1233 2510 1313 2553 Ἴων)
1339 2513 1377 2542 τὸ
1407 2511 1548 2552 Κίμωνος
1569 2510 1705 2552 ἐμμελὲς
1728 2512 1785 2542 καὶ

246 2560 340 2602 ὑγρὸν
368 2561 424 2591 καὶ
456 2559 706 2601 μεμουσωμένον
736 2557 767 2588 ἐν
796 2559 864 2592 ταῖς
890 2559 1089 2600 περιφοραῖς.
1115 2559 1367 2591 Stesimbrotus
1389 2559 1535 2591 Thasius
1567 2559 1634 2591 alia
1664 2559 1783 2597 refert,

247 2608 392 2641 omnino
405 2608 448 2639 iis
471 2617 550 2648 quae
573 2606 696 2638 scribit
720 2606 793 2644 Ion,
817 2606 996 2638 contraria
1017 2616 1024 2637 :
1047 2608 1144 2647 φησὶν
1162 2606 1259 2638 αὐτὸν
1281 2607 1355 2637 οὔτε
1373 2609 1532 2647 μουσικὴν
1552 2606 1625 2637 οὔτε
1649 2605 1733 2636 ἄλλο
1754 2616 1783 2635 τι

247 2655 382 2696 μάθημα
406 2656 467 2685 τὼν
488 2653 672 2695 ἐλευθερίων
692 2654 747 2683 καὶ
765 2653 831 2687 τοῖς
849 2652 1008 2691 Ἕλλησιν
1031 2653 1310 2696 ἐπιχωριαζόντων
1329 2654 1573 2696 ἐκδιδαχθῆναι.
1591 2654 1706 2694 (Plut.,
1727 2653 1784 2686 Ci-

248 2713 338 2740 mon,
360 2702 428 2744 IV).
454 2701 520 2733 Sed
539 2701 583 2733 ad
618 2709 693 2732 rem
724 2702 882 2732 nostram
905 2700 993 2732 nihil
1015 2701 1124 2733 refert
1145 2703 1224 2733 uter
1248 2710 1332 2733 vera
1359 2702 1495 2733 dixerit.
1526 2703 1601 2733 Non
1627 2701 1720 2732 enini
1744 2700 1785 2732 de

250 2750 393 2782 Cimone
419 2750 497 2791 ipso
530 2748 704 2790 judicium
732 2748 892 2786 facimus,
925 2748 984 2779 sed
1027 2749 1218 2790 quaerimus
1248 2749 1332 2790 quid
1370 2750 1432 2781 Ion
1466 2750 1542 2791 ipse
1573 2749 1614 2780 de
1645 2749 1785 2781 Cimone

250 2798 411 2830 senserit.
442 2797 532 2835 Quid
552 2798 669 2829 autem
690 2796 850 2835 senserit,
873 2805 913 2827 ex
937 2797 1113 2829 Plutarchi
1130 2798 1206 2829 loco
1229 2798 1374 2829 minime
1394 2797 1541 2829 dubium
1561 2805 1637 2828 esse
1657 2797 1782 2838 potest.

292 2846 322 2877 3.
342 2844 400 2876 Ἦν
427 2843 459 2875 δὲ
479 2845 536 2875 καὶ
561 2846 618 2882 τὴν
643 2843 727 2875 ἰδέαν
754 2843 790 2874 οὐ
811 2845 969 2884 μεμπτὸς,
991 2844 1030 2880 ὡς
1047 2845 1115 2875 Ἴων
1136 2844 1152 2876 ὁ
1170 2845 1310 2884 ποιητής
1328 2857 1437 2887 φησιν,
1455 2844 1543 2877 ἀλλὰ
1567 2844 1675 2887 μέγας,
1702 2843 1784 2885 οὔλῃ

252 2893 308 2923 καὶ
327 2891 441 2933 πολλῇ
459 2893 548 2936 τριχὶ
571 2892 680 2933 κομῶν
704 2893 762 2930 τὴν
786 2891 944 2933 κεφαλήν.
968 2892 1084 2935 (Plut.,
1101 2893 1231 2932 Cimon,
1252 2893 1319 2934 lv).
