2125 3534
1190 680 1377 726 CAPUT
1409 679 1451 722 ΙΙ

955 931 1019 974 ΒΕ
1041 930 1156 974 onis
1182 945 1395 974 ELEGIACIS
1422 942 1679 972 camimssus.

612 1244 692 1287 Ion
724 1243 904 1287 videtur
936 1247 1110 1287 mature
1141 1259 1186 1287 se
1222 1244 1277 1287 ad
1314 1242 1604 1288 scribendum
1637 1241 1898 1296 contulisse,
1923 1246 1966 1286 et
1998 1243 2090 1286 veri

554 1316 701 1358 simile
723 1314 968 1358 admodum
993 1319 1060 1358 est
1085 1330 1188 1358 cum
1213 1330 1258 1358 se
1285 1315 1486 1374 primum
1513 1314 1568 1357 ad
1598 1314 1643 1357 id
1664 1313 1920 1357 carminum
1947 1328 2091 1372 genus

553 1387 825 1447 applicuisse
862 1402 948 1445 quo
982 1386 1029 1428 in
1062 1386 1220 1444 primis
1255 1386 1598 1429 delectabantur
1623 1385 1707 1428 viri
1733 1399 1844 1442 quos
1871 1385 1918 1427 in
1949 1384 2093 1442 quoti-

554 1458 687 1501 diano
716 1458 929 1501 convictu
958 1457 1131 1500 eolebat
1166 1461 1208 1499 et
1232 1472 1427 1514 quorum
1458 1456 1689 1514 suffragia,
1722 1460 1771 1498 ut
1797 1471 1976 1514 aequum
2008 1459 2089 1510 est,

554 1530 778 1589 praecipue
801 1528 1069 1572 sectabatur.
1095 1528 1167 1570 Illi
1189 1532 1341 1571 autem
1364 1527 1670 1586 elegiacorum
1699 1528 1969 1581 carminum,
1995 1543 2093 1586 quae

554 1615 789 1645 coenarum
828 1603 1149 1643 ornamentum
1184 1602 1326 1651 crant,
1365 1598 1510 1641 studio
1552 1598 1773 1657 singulari
1806 1599 2089 1643 tenebantur.

556 1672 672 1715 Cave
693 1674 845 1713 autem
866 1686 922 1713 ne
945 1671 1142 1729 elegiaca
1164 1671 1241 1713 illa
1257 1673 1464 1729 poemata
1486 1669 1574 1713 dici
1590 1673 1734 1728 putes,
1756 1685 1949 1728 quorum
1970 1674 2094 1714 tanta

555 1742 686 1785 laude
708 1741 827 1800 apud
847 1746 1021 1785 veteres
1050 1742 1297 1785 floruerant
1326 1741 1492 1784 summi
1523 1744 1681 1799 poetae.
1707 1741 1825 1784 Illud
1853 1742 1976 1785 enim
1995 1757 2092 1786 car-

555 1814 731 1856 minum
762 1828 905 1871 genus
934 1813 1151 1871 dignitate
1182 1816 1314 1856 antea
1344 1816 1386 1856 et
1416 1813 1634 1871 gravitate
1662 1813 1858 1871 insigne,
1893 1814 2093 1872 priorem

554 1884 870 1928 auctoritatem
893 1899 1021 1927 suam
1045 1884 1342 1936 desiderabat,
1373 1888 1414 1927 et
1437 1884 1611 1942 ingenti
1639 1898 1863 1927 novorum
1884 1900 2089 1944 operum,

554 1955 876 2014 tragoediarum
890 1956 1063 1999 scilieet
1078 1960 1119 1999 et
1133 1956 1379 2015 lyricorum
1393 1955 1664 2004 carminum,
1680 1956 1918 2014 splendore
1935 1957 2093 2001 obrue-

555 2027 700 2070 batur.
724 2027 757 2069 F
763 2041 835 2069 ere
857 2030 1002 2070 totum
1020 2026 1116 2085 jam
1144 2027 1264 2070 circa
1288 2027 1409 2070 leves
1433 2041 1502 2069 res
1524 2026 1788 2070 versabatur
1809 2030 1852 2070 et
1877 2028 2090 2086 pleraque

557 2101 823 2156 argumenta
844 2099 1051 2142 sumebat
1071 2114 1125 2141 ex
1152 2099 1204 2141 iis
1226 2113 1324 2156 quae
1345 2098 1393 2140 in
1415 2097 1678 2156 quotidiana
1698 2099 1790 2140 vita
1811 2098 1906 2141 fieri
1927 2099 2088 2153 solent,

557 2184 611 2212 ex
632 2169 825 2222 cottabo,
842 2184 994 2213 amore
1011 2170 1178 2228 aliquo,
1200 2170 1360 2228 epuliS,
1381 2170 1515 2213 amici
1538 2169 1797 2212 laudatione
1818 2174 1896 2213 aut
1916 2171 2093 2214 inimici

557 2240 744 2298 probr03
771 2255 918 2298 neque
945 2241 1029 2284 sibi
1053 2240 1149 2299 jam
1179 2241 1321 2283 alium
1347 2241 1481 2284 finem
1503 2241 1770 2299 plerumque
1798 2242 2091 2300 proponebat,

558 2311 645 2354 nisi
665 2314 714 2354 ut
735 2311 847 2354 laetis
870 2313 1210 2355 convivantium
1229 2312 1423 2356 coetibus
1439 2311 1688 2370 jucundius
1710 2312 1881 2370 aliquid
1897 2316 1941 2356 et
1961 2313 2095 2357 urba—

560 2383 661 2425 nius
697 2382 948 2425 adderetur.
980 2384 1019 2426 A
1047 2398 1133 2441 quo
1159 2383 1414 2426 carminum
1443 2398 1607 2441 genere
1638 2383 1773 2426 etiam
1807 2383 1881 2427 vix
1918 2383 2094 2428 diversa

560 2453 699 2496 fuisse
729 2468 844 2512 saepe
870 2454 1049 2497 videtur
1078 2470 1195 2497 nova
1228 2455 1306 2497 illa
1341 2458 1617 2513 poematum,
1652 2469 1749 2512 quae
1785 2455 1965 2513 proprie
1998 2456 2093 2514 epi-

561 2529 814 2583 grammata
835 2525 1060 2577 dicuntur,
1091 2526 1262 2583 specics
1294 2539 1301 2568 :
1335 2526 1381 2568 in
1426 2541 1514 2583 qua
1543 2528 1640 2568 tum
1681 2525 1950 2579 Simonides,
1990 2541 2094 2570 cum

557 2595 653 2653 jam
675 2596 921 2654 elegiarum
943 2596 1264 2639 celeberrimus
1287 2600 1443 2640 auctor
1465 2596 1720 2649 haberetur,
1746 2597 1947 2640 maxima
1964 2598 2096 2642 laude

560 2666 678 2724 apud
716 2666 894 2710 Graecos
923 2667 1117 2725 vigebat.
1157 2667 1242 2710 Sed
1278 2671 1325 2711 ut
1352 2668 1645 2711 imminutam
1678 2668 1948 2726 gravitatem
1970 2684 2099 2712 suam

561 2737 848 2795 requirebant
868 2738 1065 2796 elegiaca
1090 2739 1308 2791 carmina,
1340 2739 1401 2782 ita
1423 2754 1447 2782 a
1473 2739 1677 2794 pluribus
1698 2742 1796 2782 tum
1818 2740 2097 2784 colebantur.

560 2809 662 2852 Non
693 2808 827 2851 modo
859 2810 981 2852 enim
1010 2824 1212 2852 summos
1242 2810 1366 2853 illius
1393 2811 1535 2853 aetatis
1571 2814 1742 2869 poetas,
1769 2825 1873 2853 eum
1906 2811 2103 2870 graviori

562 2879 697 2923 alicui
733 2880 1003 2941 scriptorum
1033 2881 1188 2939 generi
1210 2881 1290 2924 toti
1314 2881 1646 2935 incumberent,
1671 2881 1919 2941 aliquando
1940 2885 2096 2927 tamen
