<?xml version="1.0" encoding="UTF-8"?>
<!DOCTYPE html PUBLIC "-//W3C//DTD XHTML 1.0 Transitional//EN"
    "http://www.w3.org/TR/xhtml1/DTD/xhtml1-transitional.dtd">
<html xmlns="http://www.w3.org/1999/xhtml" xml:lang="en" lang="en">
 <head>
  <title>
</title>
<meta http-equiv="Content-Type" content="text/html;charset=utf-8" />
  <meta name='ocr-system' content='tesseract 3.04.00' />
  <meta name='ocr-capabilities' content='ocr_page ocr_carea ocr_par ocr_line ocrx_word'/>
</head>
<body>
  <div class='ocr_page' id='page_1' title='image "./deionechiohancth00alluoft_0012.png"; bbox 0 0 2125 3534; ppageno 0'>
   <div class='ocr_carea' id='block_1_1' title="bbox 1072 283 1274 310">
    <p class='ocr_par' dir='ltr' id='par_1_1' title="bbox 1072 283 1274 310">
     <span class='ocr_line' id='line_1_1' title="bbox 1072 283 1274 310; baseline 0.005 -11"><span class='ocrx_word' id='word_1_1' title='bbox 1072 283 1274 310; x_wconf 76' lang='lat'>—11—</span> 
     </span>
    </p>
   </div>
   <div class='ocr_carea' id='block_1_2' title="bbox 390 376 1936 2713">
    <p class='ocr_par' dir='ltr' id='par_1_2' title="bbox 404 376 1936 863">
     <span class='ocr_line' id='line_1_2' title="bbox 408 376 1933 441; baseline 0.005 -23"><span class='ocrx_word' id='word_1_2' title='bbox 408 376 765 434; x_wconf 86' lang='lat' dir='ltr'><strong>ponnensiacum</strong></span> <span class='ocrx_word' id='word_1_3' title='bbox 785 377 956 421; x_wconf 87' lang='lat' dir='ltr'><strong>bellum</strong></span> <span class='ocrx_word' id='word_1_4' title='bbox 973 378 1159 431; x_wconf 85' lang='lat' dir='ltr'><strong>scilicet,</strong></span> <span class='ocrx_word' id='word_1_5' title='bbox 1180 380 1298 437; x_wconf 89' lang='lat' dir='ltr'><strong>quod</strong></span> <span class='ocrx_word' id='word_1_6' title='bbox 1324 380 1608 424; x_wconf 77' lang='lat' dir='ltr'><strong>Athenarum</strong></span> <span class='ocrx_word' id='word_1_7' title='bbox 1627 381 1933 441; x_wconf 79' lang='lat' dir='ltr'>magnitudini</span> 
     </span>
     <span class='ocr_line' id='line_1_3' title="bbox 407 448 1935 510; baseline 0.005 -22"><span class='ocrx_word' id='word_1_8' title='bbox 407 461 513 492; x_wconf 85' lang='lat' dir='ltr'><strong>mox</strong></span> <span class='ocrx_word' id='word_1_9' title='bbox 527 449 703 492; x_wconf 76' lang='lat' dir='ltr'>exitiale</span> <span class='ocrx_word' id='word_1_10' title='bbox 723 448 925 492; x_wconf 87' lang='lat' dir='ltr'><strong>futurum</strong></span> <span class='ocrx_word' id='word_1_11' title='bbox 947 453 1053 493; x_wconf 85' lang='lat' dir='ltr'><strong>erat.</strong></span> <span class='ocrx_word' id='word_1_12' title='bbox 1078 451 1139 492; x_wconf 89' lang='lat' dir='ltr'><strong>At</strong></span> <span class='ocrx_word' id='word_1_13' title='bbox 1159 450 1255 504; x_wconf 84' lang='lat' dir='ltr'><strong>Ion,</strong></span> <span class='ocrx_word' id='word_1_14' title='bbox 1274 456 1489 510; x_wconf 89' lang='lat' dir='ltr'><strong>perpetua</strong></span> <span class='ocrx_word' id='word_1_15' title='bbox 1510 452 1704 510; x_wconf 87' lang='lat' dir='ltr'><strong>quadam</strong></span> <span class='ocrx_word' id='word_1_16' title='bbox 1723 452 1935 497; x_wconf 87' lang='lat' dir='ltr'><strong>felicitate</strong></span> 
     </span>
     <span class='ocr_line' id='line_1_4' title="bbox 407 520 1932 583; baseline 0.003 -19"><span class='ocrx_word' id='word_1_17' title='bbox 407 535 529 574; x_wconf 85' lang='lat' dir='ltr'><strong>usus,</strong></span> <span class='ocrx_word' id='word_1_18' title='bbox 577 525 667 564; x_wconf 85' lang='lat' dir='ltr'><strong>tam</strong></span> <span class='ocrx_word' id='word_1_19' title='bbox 699 520 775 563; x_wconf 90' lang='lat' dir='ltr'><strong>diu</strong></span> <span class='ocrx_word' id='word_1_20' title='bbox 813 520 925 563; x_wconf 86' lang='lat' dir='ltr'><strong>vixit</strong></span> <span class='ocrx_word' id='word_1_21' title='bbox 956 536 1090 578; x_wconf 88' lang='lat' dir='ltr'><strong>quam</strong></span> <span class='ocrx_word' id='word_1_22' title='bbox 1112 521 1239 565; x_wconf 90' lang='lat' dir='ltr'><strong>licuit</strong></span> <span class='ocrx_word' id='word_1_23' title='bbox 1276 523 1323 565; x_wconf 93' lang='lat' dir='ltr'><strong>in</strong></span> <span class='ocrx_word' id='word_1_24' title='bbox 1355 523 1533 566; x_wconf 69' lang='lat' dir='ltr'><strong>civitate</strong></span> <span class='ocrx_word' id='word_1_25' title='bbox 1571 523 1685 566; x_wconf 88' lang='lat' dir='ltr'><strong>bene</strong></span> <span class='ocrx_word' id='word_1_26' title='bbox 1717 523 1932 583; x_wconf 78' lang='lat' dir='ltr'><strong>beateque</strong></span> 
     </span>
     <span class='ocr_line' id='line_1_5' title="bbox 405 591 1932 653; baseline 0.003 -19"><span class='ocrx_word' id='word_1_27' title='bbox 405 592 571 641; x_wconf 86' lang='lat' dir='ltr'><strong>vivere,</strong></span> <span class='ocrx_word' id='word_1_28' title='bbox 594 594 636 634; x_wconf 87' lang='lat' dir='ltr'><strong>et</strong></span> <span class='ocrx_word' id='word_1_29' title='bbox 653 591 777 649; x_wconf 86' lang='lat' dir='ltr'><strong>prius</strong></span> <span class='ocrx_word' id='word_1_30' title='bbox 794 606 815 633; x_wconf 91' lang='lat' dir='ltr'><strong>e</strong></span> <span class='ocrx_word' id='word_1_31' title='bbox 836 591 928 634; x_wconf 84' lang='lat' dir='ltr'><strong>vita</strong></span> <span class='ocrx_word' id='word_1_32' title='bbox 949 592 1097 645; x_wconf 87' lang='lat' dir='ltr'><strong>cessit,</strong></span> <span class='ocrx_word' id='word_1_33' title='bbox 1123 608 1259 651; x_wconf 89' lang='lat' dir='ltr'><strong>quam</strong></span> <span class='ocrx_word' id='word_1_34' title='bbox 1280 608 1302 636; x_wconf 90' lang='lat' dir='ltr'><strong>e</strong></span> <span class='ocrx_word' id='word_1_35' title='bbox 1324 597 1446 637; x_wconf 87' lang='lat' dir='ltr'><strong>tanto</strong></span> <span class='ocrx_word' id='word_1_36' title='bbox 1468 593 1612 637; x_wconf 86' lang='lat' dir='ltr'><strong>laudis</strong></span> <span class='ocrx_word' id='word_1_37' title='bbox 1633 595 1932 653; x_wconf 87' lang='lat' dir='ltr'><strong>potentiaeque</strong></span> 
     </span>
     <span class='ocr_line' id='line_1_6' title="bbox 404 661 1933 722; baseline 0.003 -18"><span class='ocrx_word' id='word_1_38' title='bbox 404 661 583 720; x_wconf 87' lang='lat' dir='ltr'><strong>fastigio</strong></span> <span class='ocrx_word' id='word_1_39' title='bbox 605 661 826 719; x_wconf 85' lang='lat' dir='ltr'><strong>dejectam</strong></span> <span class='ocrx_word' id='word_1_40' title='bbox 846 661 1019 706; x_wconf 85' lang='lat' dir='ltr'><strong>videret</strong></span> <span class='ocrx_word' id='word_1_41' title='bbox 1044 667 1402 722; x_wconf 83' lang='lat' dir='ltr'><strong>prostratamque</strong></span> <span class='ocrx_word' id='word_1_42' title='bbox 1430 664 1559 707; x_wconf 91' lang='lat' dir='ltr'><strong>humi</strong></span> <span class='ocrx_word' id='word_1_43' title='bbox 1580 664 1791 708; x_wconf 81' lang='lat' dir='ltr'><strong>dilectam</strong></span> <span class='ocrx_word' id='word_1_44' title='bbox 1806 665 1933 709; x_wconf 86' lang='lat' dir='ltr'><strong>illam</strong></span> 
     </span>
     <span class='ocr_line' id='line_1_7' title="bbox 404 733 1936 794; baseline 0.002 -18"><span class='ocrx_word' id='word_1_45' title='bbox 404 733 630 776; x_wconf 89' lang='lat' dir='ltr'><strong>civitatem</strong></span> <span class='ocrx_word' id='word_1_46' title='bbox 672 747 806 790; x_wconf 88' lang='lat' dir='ltr'><strong>quam</strong></span> <span class='ocrx_word' id='word_1_47' title='bbox 849 733 973 777; x_wconf 87' lang='lat' dir='ltr'><strong>velut</strong></span> <span class='ocrx_word' id='word_1_48' title='bbox 1017 734 1205 777; x_wconf 88' lang='lat' dir='ltr'><strong>alteram</strong></span> <span class='ocrx_word' id='word_1_49' title='bbox 1255 735 1446 794; x_wconf 88' lang='lat' dir='ltr'><strong>patriam</strong></span> <span class='ocrx_word' id='word_1_50' title='bbox 1491 738 1582 778; x_wconf 92' lang='lat' dir='ltr'><strong>toto</strong></span> <span class='ocrx_word' id='word_1_51' title='bbox 1622 739 1802 794; x_wconf 83' lang='lat' dir='ltr'><strong>pectore</strong></span> <span class='ocrx_word' id='word_1_52' title='bbox 1841 739 1936 780; x_wconf 87' lang='lat' dir='ltr'><strong>erat</strong></span> 
     </span>
     <span class='ocr_line' id='line_1_8' title="bbox 404 804 654 863; baseline -0.004 -16"><span class='ocrx_word' id='word_1_53' title='bbox 404 804 654 863; x_wconf 82' lang='lat' dir='ltr'><strong>amplexus.</strong></span> 
     </span>
    </p>

    <p class='ocr_par' dir='ltr' id='par_1_3' title="bbox 390 874 1934 2713">
     <span class='ocr_line' id='line_1_9' title="bbox 459 874 1926 935; baseline 0.003 -18"><span class='ocrx_word' id='word_1_54' title='bbox 459 874 606 932; x_wconf 86' lang='lat' dir='ltr'><strong>Hujus</strong></span> <span class='ocrx_word' id='word_1_55' title='bbox 627 878 767 934; x_wconf 66' lang='lat' dir='ltr'><strong>poeta}</strong></span> <span class='ocrx_word' id='word_1_56' title='bbox 793 875 900 929; x_wconf 86' lang='lat' dir='ltr'><strong>vita,</strong></span> <span class='ocrx_word' id='word_1_57' title='bbox 931 876 1007 934; x_wconf 90' lang='lat' dir='ltr'><strong>qui</strong></span> <span class='ocrx_word' id='word_1_58' title='bbox 1034 891 1138 920; x_wconf 92' lang='lat' dir='ltr'><strong>cum</strong></span> <span class='ocrx_word' id='word_1_59' title='bbox 1165 877 1391 935; x_wconf 88' lang='lat' dir='ltr'><strong>plerisque</strong></span> <span class='ocrx_word' id='word_1_60' title='bbox 1421 876 1708 921; x_wconf 79' lang='lat' dir='ltr'><strong>Athenarum</strong></span> <span class='ocrx_word' id='word_1_61' title='bbox 1735 877 1926 922; x_wconf 90' lang='lat' dir='ltr'><strong>summis</strong></span> 
     </span>
     <span class='ocr_line' id='line_1_10' title="bbox 401 945 1931 1007; baseline 0.002 -18"><span class='ocrx_word' id='word_1_62' title='bbox 401 946 509 989; x_wconf 87' lang='lat' dir='ltr'><strong>viris</strong></span> <span class='ocrx_word' id='word_1_63' title='bbox 530 946 855 990; x_wconf 88' lang='lat' dir='ltr'><strong>consuetudine</strong></span> <span class='ocrx_word' id='word_1_64' title='bbox 877 945 1150 1004; x_wconf 87' lang='lat' dir='ltr'><strong>conjunctus</strong></span> <span class='ocrx_word' id='word_1_65' title='bbox 1165 951 1245 1001; x_wconf 79' lang='lat' dir='ltr'><strong>est,</strong></span> <span class='ocrx_word' id='word_1_66' title='bbox 1271 963 1357 1006; x_wconf 92' lang='lat' dir='ltr'><strong>quo</strong></span> <span class='ocrx_word' id='word_1_67' title='bbox 1379 952 1579 1007; x_wconf 88' lang='lat' dir='ltr'><strong>tempore</strong></span> <span class='ocrx_word' id='word_1_68' title='bbox 1601 948 1801 992; x_wconf 86' lang='lat' dir='ltr'><strong>maxima</strong></span> <span class='ocrx_word' id='word_1_69' title='bbox 1815 949 1931 993; x_wconf 89' lang='lat' dir='ltr'><strong>litte-</strong></span> 
     </span>
     <span class='ocr_line' id='line_1_11' title="bbox 402 1017 1929 1078; baseline 0.003 -18"><span class='ocrx_word' id='word_1_70' title='bbox 402 1032 553 1060; x_wconf 90' lang='lat' dir='ltr'><strong>rarum</strong></span> <span class='ocrx_word' id='word_1_71' title='bbox 581 1017 710 1060; x_wconf 88' lang='lat' dir='ltr'><strong>laude</strong></span> <span class='ocrx_word' id='word_1_72' title='bbox 738 1018 889 1061; x_wconf 86' lang='lat' dir='ltr'><strong>floruit</strong></span> <span class='ocrx_word' id='word_1_73' title='bbox 919 1017 1105 1071; x_wconf 62' lang='lat' dir='ltr'><strong>Graecia,</strong></span> <span class='ocrx_word' id='word_1_74' title='bbox 1131 1018 1267 1077; x_wconf 86' lang='lat' dir='ltr'><strong>digna</strong></span> <span class='ocrx_word' id='word_1_75' title='bbox 1300 1019 1411 1062; x_wconf 90' lang='lat' dir='ltr'><strong>mihi</strong></span> <span class='ocrx_word' id='word_1_76' title='bbox 1445 1020 1541 1063; x_wconf 73' lang='lat' dir='ltr'><strong>visa</strong></span> <span class='ocrx_word' id='word_1_77' title='bbox 1566 1024 1632 1063; x_wconf 87' lang='lat' dir='ltr'><strong>cst</strong></span> <span class='ocrx_word' id='word_1_78' title='bbox 1657 1035 1755 1078; x_wconf 83' lang='lat' dir='ltr'><strong>quae</strong></span> <span class='ocrx_word' id='word_1_79' title='bbox 1784 1020 1929 1064; x_wconf 90' lang='lat' dir='ltr'><strong>fusius</strong></span> 
     </span>
     <span class='ocr_line' id='line_1_12' title="bbox 401 1088 1934 1149; baseline 0.003 -19"><span class='ocrx_word' id='word_1_80' title='bbox 401 1088 534 1146; x_wconf 88' lang='lat' dir='ltr'><strong>paulo</strong></span> <span class='ocrx_word' id='word_1_81' title='bbox 556 1092 915 1147; x_wconf 76' lang='lat' dir='ltr'><strong>pertractaretur.</strong></span> <span class='ocrx_word' id='word_1_82' title='bbox 943 1088 1030 1141; x_wconf 80' lang='lat' dir='ltr'><strong>Qui</strong></span> <span class='ocrx_word' id='word_1_83' title='bbox 1052 1089 1174 1132; x_wconf 89' lang='lat' dir='ltr'><strong>enim</strong></span> <span class='ocrx_word' id='word_1_84' title='bbox 1203 1089 1259 1133; x_wconf 92' lang='lat' dir='ltr'><strong>ad</strong></span> <span class='ocrx_word' id='word_1_85' title='bbox 1292 1090 1376 1133; x_wconf 90' lang='lat' dir='ltr'><strong>hoc</strong></span> <span class='ocrx_word' id='word_1_86' title='bbox 1398 1094 1578 1149; x_wconf 88' lang='lat' dir='ltr'><strong>tempus</strong></span> <span class='ocrx_word' id='word_1_87' title='bbox 1609 1090 1661 1134; x_wconf 90' lang='lat' dir='ltr'><strong>de</strong></span> <span class='ocrx_word' id='word_1_88' title='bbox 1683 1090 1790 1134; x_wconf 93' lang='lat' dir='ltr'><strong>Ione</strong></span> <span class='ocrx_word' id='word_1_89' title='bbox 1813 1089 1934 1148; x_wconf 87' lang='lat' dir='ltr'><strong>ejus-</strong></span> 
     </span>
     <span class='ocr_line' id='line_1_13' title="bbox 401 1159 1933 1220; baseline 0.003 -19"><span class='ocrx_word' id='word_1_90' title='bbox 401 1174 487 1216; x_wconf 86' lang='lat' dir='ltr'><strong>que</strong></span> <span class='ocrx_word' id='word_1_91' title='bbox 513 1174 700 1218; x_wconf 89' lang='lat' dir='ltr'><strong>operum</strong></span> <span class='ocrx_word' id='word_1_92' title='bbox 737 1159 1002 1218; x_wconf 79' lang='lat' dir='ltr'><strong>fragmentis</strong></span> <span class='ocrx_word' id='word_1_93' title='bbox 1030 1159 1330 1218; x_wconf 79' lang='lat' dir='ltr'><strong>disputavere,</strong></span> <span class='ocrx_word' id='word_1_94' title='bbox 1367 1176 1471 1204; x_wconf 91' lang='lat' dir='ltr'><strong>cum</strong></span> <span class='ocrx_word' id='word_1_95' title='bbox 1500 1161 1788 1220; x_wconf 79' lang='lat' dir='ltr'><strong>philologieis</strong></span> <span class='ocrx_word' id='word_1_96' title='bbox 1821 1176 1933 1220; x_wconf 84' lang='lat' dir='ltr'><strong>prae-</strong></span> 
     </span>
     <span class='ocr_line' id='line_1_14' title="bbox 401 1231 1932 1290; baseline 0.003 -19"><span class='ocrx_word' id='word_1_97' title='bbox 401 1231 555 1273; x_wconf 87' lang='lat' dir='ltr'><strong>sertim</strong></span> <span class='ocrx_word' id='word_1_98' title='bbox 587 1231 907 1274; x_wconf 86' lang='lat' dir='ltr'><strong>controversiis</strong></span> <span class='ocrx_word' id='word_1_99' title='bbox 944 1232 1182 1275; x_wconf 87' lang='lat' dir='ltr'><strong>materiam</strong></span> <span class='ocrx_word' id='word_1_100' title='bbox 1223 1236 1489 1290; x_wconf 55' lang='lat' dir='ltr'><strong>quaererent,</strong></span> <span class='ocrx_word' id='word_1_101' title='bbox 1529 1232 1575 1275; x_wconf 90' lang='lat' dir='ltr'><strong>in</strong></span> <span class='ocrx_word' id='word_1_102' title='bbox 1615 1232 1932 1276; x_wconf 90' lang='lat' dir='ltr'><strong>constituendo</strong></span> 
     </span>
     <span class='ocr_line' id='line_1_15' title="bbox 400 1302 1931 1361; baseline 0.002 -17"><span class='ocrx_word' id='word_1_103' title='bbox 400 1302 758 1361; x_wconf 80' lang='lat' dir='ltr'><strong>fragmentorum</strong></span> <span class='ocrx_word' id='word_1_104' title='bbox 772 1306 897 1345; x_wconf 86' lang='lat' dir='ltr'><strong>textu</strong></span> <span class='ocrx_word' id='word_1_105' title='bbox 916 1303 1142 1361; x_wconf 69' lang='lat' dir='ltr'><strong>praecipue</strong></span> <span class='ocrx_word' id='word_1_106' title='bbox 1164 1303 1526 1346; x_wconf 83' lang='lat' dir='ltr'><strong>elaboraverunt.</strong></span> <span class='ocrx_word' id='word_1_107' title='bbox 1550 1303 1682 1347; x_wconf 89' lang='lat' dir='ltr'><strong>Hunc</strong></span> <span class='ocrx_word' id='word_1_108' title='bbox 1705 1307 1807 1347; x_wconf 89' lang='lat' dir='ltr'><strong>ante</strong></span> <span class='ocrx_word' id='word_1_109' title='bbox 1835 1318 1931 1347; x_wconf 92' lang='lat' dir='ltr'><strong>om-</strong></span> 
     </span>
     <span class='ocr_line' id='line_1_16' title="bbox 400 1373 1928 1432; baseline 0 -15"><span class='ocrx_word' id='word_1_110' title='bbox 400 1374 476 1417; x_wconf 88' lang='lat' dir='ltr'><strong>nia</strong></span> <span class='ocrx_word' id='word_1_111' title='bbox 502 1374 638 1416; x_wconf 90' lang='lat' dir='ltr'><strong>finem</strong></span> <span class='ocrx_word' id='word_1_112' title='bbox 671 1373 754 1416; x_wconf 88' lang='lat' dir='ltr'><strong>sibi</strong></span> <span class='ocrx_word' id='word_1_113' title='bbox 782 1374 1016 1432; x_wconf 86' lang='lat' dir='ltr'><strong>proposuit</strong></span> <span class='ocrx_word' id='word_1_114' title='bbox 1049 1374 1280 1417; x_wconf 88' lang='lat' dir='ltr'><strong>Bentleius</strong></span> <span class='ocrx_word' id='word_1_115' title='bbox 1310 1374 1358 1416; x_wconf 93' lang='lat' dir='ltr'><strong>in</strong></span> <span class='ocrx_word' id='word_1_116' title='bbox 1390 1374 1593 1432; x_wconf 74' lang='lat' dir='ltr'><strong>Epistola</strong></span> <span class='ocrx_word' id='word_1_117' title='bbox 1626 1374 1688 1417; x_wconf 82' lang='lat' dir='ltr'><strong>ad</strong></span> <span class='ocrx_word' id='word_1_118' title='bbox 1712 1374 1928 1428; x_wconf 70' lang='lat' dir='ltr'><strong>Milliecm,</strong></span> 
     </span>
     <span class='ocr_line' id='line_1_17' title="bbox 401 1444 1922 1504; baseline 0.001 -18"><span class='ocrx_word' id='word_1_119' title='bbox 401 1459 498 1502; x_wconf 78' lang='lat' dir='ltr'><strong>quae</strong></span> <span class='ocrx_word' id='word_1_120' title='bbox 538 1444 770 1503; x_wconf 71' lang='lat' dir='ltr'><strong>Opusculis</strong></span> <span class='ocrx_word' id='word_1_121' title='bbox 794 1445 1082 1504; x_wconf 69' lang='lat' dir='ltr'><strong>plez&#39;loloyicis</strong></span> <span class='ocrx_word' id='word_1_122' title='bbox 1113 1446 1384 1497; x_wconf 84' lang='lat' dir='ltr'><strong>continetur,</strong></span> <span class='ocrx_word' id='word_1_123' title='bbox 1416 1444 1580 1503; x_wconf 83' lang='lat' dir='ltr'><strong>Lipsiae</strong></span> <span class='ocrx_word' id='word_1_124' title='bbox 1609 1445 1754 1498; x_wconf 89' lang='lat' dir='ltr'><strong>editis,</strong></span> <span class='ocrx_word' id='word_1_125' title='bbox 1796 1448 1922 1489; x_wconf 75' lang='lat'><strong>1781.</strong></span> 
     </span>
     <span class='ocr_line' id='line_1_18' title="bbox 400 1514 1930 1575; baseline 0.001 -17"><span class='ocrx_word' id='word_1_126' title='bbox 400 1514 560 1559; x_wconf 87' lang='lat' dir='ltr'><strong>Postea</strong></span> <span class='ocrx_word' id='word_1_127' title='bbox 580 1515 942 1574; x_wconf 82' lang='lat' dir='ltr'><strong>Nieberdingius‚</strong></span> <span class='ocrx_word' id='word_1_128' title='bbox 958 1516 1005 1558; x_wconf 91' lang='lat' dir='ltr'><strong>in</strong></span> <span class='ocrx_word' id='word_1_129' title='bbox 1022 1516 1218 1559; x_wconf 88' lang='lat' dir='ltr'><strong>editione</strong></span> <span class='ocrx_word' id='word_1_130' title='bbox 1240 1516 1362 1560; x_wconf 91' lang='lat' dir='ltr'><strong>Ionis</strong></span> <span class='ocrx_word' id='word_1_131' title='bbox 1390 1515 1765 1574; x_wconf 83' lang='lat' dir='ltr'><strong>fragmentorum,</strong></span> <span class='ocrx_word' id='word_1_132' title='bbox 1785 1532 1930 1575; x_wconf 87' lang='lat' dir='ltr'><strong>quan-</strong></span> 
     </span>
     <span class='ocr_line' id='line_1_19' title="bbox 400 1586 1933 1645; baseline 0.001 -16"><span class='ocrx_word' id='word_1_133' title='bbox 400 1602 533 1645; x_wconf 90' lang='lat' dir='ltr'><strong>quam</strong></span> <span class='ocrx_word' id='word_1_134' title='bbox 560 1587 727 1630; x_wconf 88' lang='lat' dir='ltr'><strong>librum</strong></span> <span class='ocrx_word' id='word_1_135' title='bbox 757 1602 889 1630; x_wconf 89' lang='lat' dir='ltr'><strong>suum</strong></span> <span class='ocrx_word' id='word_1_136' title='bbox 922 1587 1151 1645; x_wconf 87' lang='lat' dir='ltr'><strong>inscripsit</strong></span> <span class='ocrx_word' id='word_1_137' title='bbox 1183 1587 1235 1630; x_wconf 80' lang='lat' dir='ltr'><strong>de</strong></span> <span class='ocrx_word' id='word_1_138' title='bbox 1261 1587 1381 1630; x_wconf 71' lang='lat' dir='ltr'><strong>Ionis</strong></span> <span class='ocrx_word' id='word_1_139' title='bbox 1414 1586 1514 1630; x_wconf 73' lang='lat' dir='ltr'><strong>Clzz&#39;z&#39;</strong></span> <span class='ocrx_word' id='word_1_140' title='bbox 1538 1587 1644 1639; x_wconf 73' lang='lat' dir='ltr'><strong>vila,</strong></span> <span class='ocrx_word' id='word_1_141' title='bbox 1670 1587 1865 1630; x_wconf 67' lang='lat' dir='ltr'><strong>moribus</strong></span> <span class='ocrx_word' id='word_1_142' title='bbox 1891 1596 1933 1631; x_wconf 83' lang='lat' dir='ltr'><strong>et</strong></span> 
     </span>
     <span class='ocr_line' id='line_1_20' title="bbox 397 1658 1929 1718; baseline 0.001 -18"><span class='ocrx_word' id='word_1_143' title='bbox 397 1658 556 1700; x_wconf 70' lang='lat' dir='ltr'><strong>studiis</strong></span> <span class='ocrx_word' id='word_1_144' title='bbox 590 1658 798 1701; x_wconf 69' lang='lat' dir='ltr'><strong>doctrinae</strong></span> <span class='ocrx_word' id='word_1_145' title='bbox 833 1658 1006 1715; x_wconf 60' lang='lat' dir='ltr'><strong>(Lipsiae</strong></span> <span class='ocrx_word' id='word_1_146' title='bbox 1043 1659 1182 1713; x_wconf 67' lang='grc'>1836),</span> <span class='ocrx_word' id='word_1_147' title='bbox 1218 1658 1505 1716; x_wconf 87' lang='lat' dir='ltr'><strong>paucissimis</strong></span> <span class='ocrx_word' id='word_1_148' title='bbox 1541 1662 1717 1702; x_wconf 89' lang='lat' dir='ltr'><strong>tantum</strong></span> <span class='ocrx_word' id='word_1_149' title='bbox 1751 1659 1929 1718; x_wconf 88' lang='lat' dir='ltr'><strong>paginis</strong></span> 
     </span>
     <span class='ocr_line' id='line_1_21' title="bbox 398 1728 1927 1788; baseline 0.001 -16"><span class='ocrx_word' id='word_1_150' title='bbox 398 1728 451 1772; x_wconf 89' lang='lat' dir='ltr'><strong>de</strong></span> <span class='ocrx_word' id='word_1_151' title='bbox 466 1732 605 1787; x_wconf 68' lang='lat' dir='ltr'><strong>poetse</strong></span> <span class='ocrx_word' id='word_1_152' title='bbox 628 1730 717 1772; x_wconf 72' lang='lat' dir='ltr'><strong>vita</strong></span> <span class='ocrx_word' id='word_1_153' title='bbox 740 1733 780 1771; x_wconf 88' lang='lat' dir='ltr'><strong>et</strong></span> <span class='ocrx_word' id='word_1_154' title='bbox 797 1728 1020 1771; x_wconf 86' lang='lat' dir='ltr'><strong>scribendi</strong></span> <span class='ocrx_word' id='word_1_155' title='bbox 1043 1743 1206 1786; x_wconf 88' lang='lat' dir='ltr'><strong>genere</strong></span> <span class='ocrx_word' id='word_1_156' title='bbox 1228 1729 1440 1787; x_wconf 67' lang='lat' dir='ltr'><strong>praefatus</strong></span> <span class='ocrx_word' id='word_1_157' title='bbox 1456 1733 1522 1772; x_wconf 89' lang='lat' dir='ltr'><strong>est</strong></span> <span class='ocrx_word' id='word_1_158' title='bbox 1545 1744 1552 1772; x_wconf 93' lang='lat'>:</span> <span class='ocrx_word' id='word_1_159' title='bbox 1578 1730 1803 1788; x_wconf 86' lang='lat' dir='ltr'><strong>reliquum</strong></span> <span class='ocrx_word' id='word_1_160' title='bbox 1822 1745 1927 1774; x_wconf 88' lang='lat' dir='ltr'><strong>vero</strong></span> 
     </span>
     <span class='ocr_line' id='line_1_22' title="bbox 398 1799 1922 1859; baseline 0.001 -16"><span class='ocrx_word' id='word_1_161' title='bbox 398 1799 494 1858; x_wconf 89' lang='lat' dir='ltr'><strong>ejus</strong></span> <span class='ocrx_word' id='word_1_162' title='bbox 510 1815 621 1859; x_wconf 89' lang='lat' dir='ltr'><strong>opus</strong></span> <span class='ocrx_word' id='word_1_163' title='bbox 642 1801 689 1842; x_wconf 89' lang='lat' dir='ltr'><strong>in</strong></span> <span class='ocrx_word' id='word_1_164' title='bbox 708 1799 985 1857; x_wconf 85' lang='lat' dir='ltr'><strong>corrigendis</strong></span> <span class='ocrx_word' id='word_1_165' title='bbox 1002 1799 1123 1842; x_wconf 90' lang='lat' dir='ltr'><strong>Ionis</strong></span> <span class='ocrx_word' id='word_1_166' title='bbox 1142 1800 1409 1858; x_wconf 83' lang='lat' dir='ltr'><strong>fragmentis</strong></span> <span class='ocrx_word' id='word_1_167' title='bbox 1428 1800 1519 1843; x_wconf 88' lang='lat' dir='ltr'><strong>fere</strong></span> <span class='ocrx_word' id='word_1_168' title='bbox 1537 1804 1682 1844; x_wconf 86' lang='lat' dir='ltr'><strong>totum</strong></span> <span class='ocrx_word' id='word_1_169' title='bbox 1704 1804 1922 1844; x_wconf 82' lang='lat' dir='ltr'><strong>versatur.</strong></span> 
     </span>
     <span class='ocr_line' id='line_1_23' title="bbox 396 1870 1928 1930; baseline 0.001 -17"><span class='ocrx_word' id='word_1_170' title='bbox 396 1870 613 1914; x_wconf 85' lang='lat' dir='ltr'><strong>Eamdem</strong></span> <span class='ocrx_word' id='word_1_171' title='bbox 648 1871 905 1930; x_wconf 83' lang='lat' dir='ltr'><strong>disputandi</strong></span> <span class='ocrx_word' id='word_1_172' title='bbox 934 1871 1055 1914; x_wconf 68' lang='lat' dir='ltr'><strong>viam</strong></span> <span class='ocrx_word' id='word_1_173' title='bbox 1087 1875 1268 1914; x_wconf 88' lang='lat' dir='ltr'><strong>secutus</strong></span> <span class='ocrx_word' id='word_1_174' title='bbox 1298 1875 1364 1914; x_wconf 88' lang='lat' dir='ltr'><strong>est</strong></span> <span class='ocrx_word' id='word_1_175' title='bbox 1394 1871 1630 1930; x_wconf 86' lang='lat' dir='ltr'><strong>Koepkius</strong></span> <span class='ocrx_word' id='word_1_176' title='bbox 1654 1872 1700 1914; x_wconf 92' lang='lat' dir='ltr'><strong>in</strong></span> <span class='ocrx_word' id='word_1_177' title='bbox 1726 1872 1838 1915; x_wconf 89' lang='lat' dir='ltr'><strong>libro</strong></span> <span class='ocrx_word' id='word_1_178' title='bbox 1875 1872 1928 1915; x_wconf 82' lang='lat' dir='ltr'><strong>de</strong></span> 
     </span>
     <span class='ocr_line' id='line_1_24' title="bbox 396 1942 1928 2001; baseline 0 -15"><span class='ocrx_word' id='word_1_179' title='bbox 396 1943 514 1986; x_wconf 72' lang='lat' dir='ltr'><strong>Ionis</strong></span> <span class='ocrx_word' id='word_1_180' title='bbox 550 1943 651 1986; x_wconf 66' lang='lat' dir='ltr'><strong>Chia·</strong></span> <span class='ocrx_word' id='word_1_181' title='bbox 669 1952 813 2001; x_wconf 56' lang='lat' dir='ltr'><strong>poeste</strong></span> <span class='ocrx_word' id='word_1_182' title='bbox 841 1943 932 1985; x_wconf 55' lang='lat' dir='ltr'><strong>‘vita</strong></span> <span class='ocrx_word' id='word_1_183' title='bbox 950 1951 990 1984; x_wconf 77' lang='lat' dir='ltr'><strong>et</strong></span> <span class='ocrx_word' id='word_1_184' title='bbox 1006 1943 1275 2000; x_wconf 59' lang='lat' dir='ltr'><strong>frammentis</strong></span> <span class='ocrx_word' id='word_1_185' title='bbox 1306 1942 1525 2000; x_wconf 85' lang='lat' dir='ltr'><strong>(Berolini</strong></span> <span class='ocrx_word' id='word_1_186' title='bbox 1553 1944 1703 1998; x_wconf 82' lang='lat'>1836&gt;3</span> <span class='ocrx_word' id='word_1_187' title='bbox 1735 1942 1928 2001; x_wconf 91' lang='lat' dir='ltr'><strong>philolo-</strong></span> 
     </span>
     <span class='ocr_line' id='line_1_25' title="bbox 396 2013 1927 2073; baseline 0.001 -17"><span class='ocrx_word' id='word_1_188' title='bbox 396 2015 507 2073; x_wconf 85' lang='lat' dir='ltr'><strong>gieis</strong></span> <span class='ocrx_word' id='word_1_189' title='bbox 529 2015 663 2057; x_wconf 79' lang='lat' dir='ltr'><strong>etiam</strong></span> <span class='ocrx_word' id='word_1_190' title='bbox 685 2013 955 2071; x_wconf 85' lang='lat' dir='ltr'><strong>conjecturis</strong></span> <span class='ocrx_word' id='word_1_191' title='bbox 976 2014 1278 2056; x_wconf 86' lang='lat' dir='ltr'><strong>immorantur</strong></span> <span class='ocrx_word' id='word_1_192' title='bbox 1298 2013 1521 2071; x_wconf 65' lang='lat' dir='ltr'><strong>pleraeque</strong></span> <span class='ocrx_word' id='word_1_193' title='bbox 1545 2013 1597 2056; x_wconf 90' lang='lat' dir='ltr'><strong>de</strong></span> <span class='ocrx_word' id='word_1_194' title='bbox 1617 2018 1798 2057; x_wconf 84' lang='lat' dir='ltr'><strong>auctore</strong></span> <span class='ocrx_word' id='word_1_195' title='bbox 1819 2029 1927 2057; x_wconf 90' lang='lat' dir='ltr'><strong>nos-</strong></span> 
     </span>
     <span class='ocr_line' id='line_1_26' title="bbox 396 2084 1926 2144; baseline 0 -16"><span class='ocrx_word' id='word_1_196' title='bbox 396 2089 463 2128; x_wconf 88' lang='lat' dir='ltr'><strong>tro</strong></span> <span class='ocrx_word' id='word_1_197' title='bbox 501 2085 835 2128; x_wconf 87' lang='lat' dir='ltr'><strong>dissertationes</strong></span> <span class='ocrx_word' id='word_1_198' title='bbox 870 2099 894 2127; x_wconf 90' lang='lat' dir='ltr'><strong>a</strong></span> <span class='ocrx_word' id='word_1_199' title='bbox 934 2085 1068 2127; x_wconf 81' lang='lat' dir='ltr'><strong>variis</strong></span> <span class='ocrx_word' id='word_1_200' title='bbox 1096 2084 1237 2127; x_wconf 92' lang='lat' dir='ltr'><strong>doctis</strong></span> <span class='ocrx_word' id='word_1_201' title='bbox 1271 2084 1378 2127; x_wconf 83' lang='lat' dir='ltr'><strong>viris</strong></span> <span class='ocrx_word' id='word_1_202' title='bbox 1412 2085 1602 2143; x_wconf 79' lang='lat' dir='ltr'><strong>scriptae.</strong></span> <span class='ocrx_word' id='word_1_203' title='bbox 1646 2085 1926 2144; x_wconf 77' lang='lat' dir='ltr'><strong>Excipienda</strong></span> 
     </span>
     <span class='ocr_line' id='line_1_27' title="bbox 395 2154 1922 2212; baseline 0 -14"><span class='ocrx_word' id='word_1_204' title='bbox 395 2159 548 2199; x_wconf 88' lang='lat' dir='ltr'><strong>tamen</strong></span> <span class='ocrx_word' id='word_1_205' title='bbox 581 2160 647 2198; x_wconf 90' lang='lat' dir='ltr'><strong>est</strong></span> <span class='ocrx_word' id='word_1_206' title='bbox 677 2157 725 2198; x_wconf 88' lang='lat' dir='ltr'><strong>F.</strong></span> <span class='ocrx_word' id='word_1_207' title='bbox 771 2155 971 2198; x_wconf 77' lang='lat' dir='ltr'><strong>Schoellii</strong></span> <span class='ocrx_word' id='word_1_208' title='bbox 1009 2155 1331 2198; x_wconf 82' lang='lat' dir='ltr'><strong>commentatio</strong></span> <span class='ocrx_word' id='word_1_209' title='bbox 1365 2154 1668 2212; x_wconf 67' lang='lat' dir='ltr'><strong>(Rlzeim&#39;selzes</strong></span> <span class='ocrx_word' id='word_1_210' title='bbox 1701 2157 1922 2210; x_wconf 74' lang='lat' dir='ltr'><strong>Mecseum,</strong></span> 
     </span>
     <span class='ocr_line' id='line_1_28' title="bbox 397 2226 1925 2286; baseline -0.001 -15"><span class='ocrx_word' id='word_1_211' title='bbox 397 2230 523 2280; x_wconf 76' lang='lat'><strong>1877,</strong></span> <span class='ocrx_word' id='word_1_212' title='bbox 548 2242 590 2286; x_wconf 88' lang='lat' dir='ltr'><strong>p.</strong></span> <span class='ocrx_word' id='word_1_213' title='bbox 618 2229 698 2270; x_wconf 71' lang='lat'><strong>145</strong></span> <span class='ocrx_word' id='word_1_214' title='bbox 721 2242 816 2284; x_wconf 91' lang='lat' dir='ltr'><strong>sqq.</strong></span> <span class='ocrx_word' id='word_1_215' title='bbox 846 2240 854 2268; x_wconf 88' lang='lat'><strong>:</strong></span> <span class='ocrx_word' id='word_1_216' title='bbox 883 2228 1017 2269; x_wconf 74' lang='lat' dir='ltr'><strong>Ueber</strong></span> <span class='ocrx_word' id='word_1_217' title='bbox 1043 2227 1121 2269; x_wconf 74' lang='lat' dir='ltr'><strong>Ion</strong></span> <span class='ocrx_word' id='word_1_218' title='bbox 1147 2241 1232 2269; x_wconf 68' lang='lat' dir='ltr'><strong>von</strong></span> <span class='ocrx_word' id='word_1_219' title='bbox 1262 2226 1432 2282; x_wconf 74' lang='lat' dir='ltr'><strong>Chius),</strong></span> <span class='ocrx_word' id='word_1_220' title='bbox 1458 2226 1662 2284; x_wconf 83' lang='lat' dir='ltr'><strong>quamvis</strong></span> <span class='ocrx_word' id='word_1_221' title='bbox 1694 2226 1851 2270; x_wconf 87' lang='lat' dir='ltr'><strong>multis</strong></span> <span class='ocrx_word' id='word_1_222' title='bbox 1877 2227 1925 2270; x_wconf 88' lang='lat' dir='ltr'><strong>in</strong></span> 
     </span>
     <span class='ocr_line' id='line_1_29' title="bbox 394 2296 1925 2356; baseline 0 -15"><span class='ocrx_word' id='word_1_223' title='bbox 394 2297 505 2341; x_wconf 88' lang='lat' dir='ltr'><strong>locis</strong></span> <span class='ocrx_word' id='word_1_224' title='bbox 552 2301 677 2340; x_wconf 87' lang='lat' dir='ltr'><strong>curta</strong></span> <span class='ocrx_word' id='word_1_225' title='bbox 709 2297 765 2339; x_wconf 91' lang='lat' dir='ltr'><strong>sit</strong></span> <span class='ocrx_word' id='word_1_226' title='bbox 801 2301 843 2340; x_wconf 89' lang='lat' dir='ltr'><strong>et</strong></span> <span class='ocrx_word' id='word_1_227' title='bbox 875 2297 1220 2355; x_wconf 88' lang='lat' dir='ltr'><strong>complementis</strong></span> <span class='ocrx_word' id='word_1_228' title='bbox 1257 2300 1398 2356; x_wconf 90' lang='lat' dir='ltr'><strong>egeat.</strong></span> <span class='ocrx_word' id='word_1_229' title='bbox 1435 2296 1644 2340; x_wconf 86' lang='lat' dir='ltr'><strong>Ceterum</strong></span> <span class='ocrx_word' id='word_1_230' title='bbox 1684 2297 1925 2341; x_wconf 84' lang='lat' dir='ltr'><strong>Schoellius</strong></span> 
     </span>
     <span class='ocr_line' id='line_1_30' title="bbox 394 2367 1926 2427; baseline 0 -15"><span class='ocrx_word' id='word_1_231' title='bbox 394 2369 500 2412; x_wconf 86' lang='lat' dir='ltr'><strong>satis</strong></span> <span class='ocrx_word' id='word_1_232' title='bbox 516 2369 726 2412; x_wconf 87' lang='lat' dir='ltr'><strong>habuisse</strong></span> <span class='ocrx_word' id='word_1_233' title='bbox 744 2368 922 2411; x_wconf 79' lang='lat' dir='ltr'><strong>videtur</strong></span> <span class='ocrx_word' id='word_1_234' title='bbox 937 2383 1231 2426; x_wconf 58' lang='lat' dir='ltr'><strong>quaecumque</strong></span> <span class='ocrx_word' id='word_1_235' title='bbox 1247 2372 1377 2411; x_wconf 89' lang='lat' dir='ltr'><strong>antea</strong></span> <span class='ocrx_word' id='word_1_236' title='bbox 1393 2367 1446 2411; x_wconf 89' lang='lat' dir='ltr'><strong>de</strong></span> <span class='ocrx_word' id='word_1_237' title='bbox 1465 2367 1572 2411; x_wconf 91' lang='lat' dir='ltr'><strong>Ione</strong></span> <span class='ocrx_word' id='word_1_238' title='bbox 1589 2368 1754 2427; x_wconf 87' lang='lat' dir='ltr'><strong>scripta</strong></span> <span class='ocrx_word' id='word_1_239' title='bbox 1775 2372 1926 2412; x_wconf 86' lang='lat' dir='ltr'><strong>essent</strong></span> 
     </span>
     <span class='ocr_line' id='line_1_31' title="bbox 393 2439 1925 2499; baseline 0 -16"><span class='ocrx_word' id='word_1_240' title='bbox 393 2440 672 2484; x_wconf 87' lang='lat' dir='ltr'><strong>contrahere.</strong></span> <span class='ocrx_word' id='word_1_241' title='bbox 704 2439 989 2499; x_wconf 77' lang='lat' dir='ltr'><strong>Excipiendae</strong></span> <span class='ocrx_word' id='word_1_242' title='bbox 1008 2444 1049 2483; x_wconf 88' lang='lat' dir='ltr'><strong>et</strong></span> <span class='ocrx_word' id='word_1_243' title='bbox 1068 2440 1418 2483; x_wconf 83' lang='lat' dir='ltr'><strong>Schneidewinii</strong></span> <span class='ocrx_word' id='word_1_244' title='bbox 1440 2439 1680 2498; x_wconf 84' lang='lat' dir='ltr'><strong>disputatio</strong></span> <span class='ocrx_word' id='word_1_245' title='bbox 1702 2440 1925 2497; x_wconf 73' lang='lat' dir='ltr'><strong>(Philolo-</strong></span> 
     </span>
     <span class='ocr_line' id='line_1_32' title="bbox 390 2510 1923 2570; baseline 0.001 -17"><span class='ocrx_word' id='word_1_246' title='bbox 390 2526 472 2570; x_wconf 74' lang='lat' dir='ltr'><strong>9ch</strong></span> <span class='ocrx_word' id='word_1_247' title='bbox 500 2512 611 2563; x_wconf 85' lang='lat' dir='ltr'><em>VIII,</em></span> <span class='ocrx_word' id='word_1_248' title='bbox 642 2512 784 2566; x_wconf 61' lang='lat'>1853),</span> <span class='ocrx_word' id='word_1_249' title='bbox 810 2511 885 2569; x_wconf 90' lang='lat' dir='ltr'><strong>qui</strong></span> <span class='ocrx_word' id='word_1_250' title='bbox 908 2514 1065 2554; x_wconf 88' lang='lat' dir='ltr'><strong>contra</strong></span> <span class='ocrx_word' id='word_1_251' title='bbox 1095 2512 1168 2554; x_wconf 85' lang='lat' dir='ltr'><strong>Fr.</strong></span> <span class='ocrx_word' id='word_1_252' title='bbox 1205 2511 1428 2554; x_wconf 88' lang='lat' dir='ltr'><strong>Ritterum</strong></span> <span class='ocrx_word' id='word_1_253' title='bbox 1454 2510 1655 2554; x_wconf 88' lang='lat' dir='ltr'><strong>defendit</strong></span> <span class='ocrx_word' id='word_1_254' title='bbox 1676 2510 1799 2554; x_wconf 90' lang='lat' dir='ltr'><strong>Ionis</strong></span> <span class='ocrx_word' id='word_1_255' title='bbox 1821 2526 1923 2555; x_wconf 88' lang='lat' dir='ltr'><strong>auc-</strong></span> 
     </span>
     <span class='ocr_line' id='line_1_33' title="bbox 390 2581 1922 2641; baseline 0 -16"><span class='ocrx_word' id='word_1_256' title='bbox 390 2582 632 2635; x_wconf 85' lang='lat' dir='ltr'><strong>toritatem,</strong></span> <span class='ocrx_word' id='word_1_257' title='bbox 653 2581 729 2625; x_wconf 88' lang='lat' dir='ltr'><strong>sed</strong></span> <span class='ocrx_word' id='word_1_258' title='bbox 751 2582 1001 2641; x_wconf 89' lang='lat' dir='ltr'><strong>singulares</strong></span> <span class='ocrx_word' id='word_1_259' title='bbox 1019 2585 1195 2625; x_wconf 88' lang='lat' dir='ltr'><strong>tantum</strong></span> <span class='ocrx_word' id='word_1_260' title='bbox 1212 2582 1472 2640; x_wconf 66' lang='lat' dir='ltr'><strong>quaestionis</strong></span> <span class='ocrx_word' id='word_1_261' title='bbox 1493 2585 1641 2640; x_wconf 86' lang='lat' dir='ltr'><strong>partes</strong></span> <span class='ocrx_word' id='word_1_262' title='bbox 1662 2582 1810 2641; x_wconf 84' lang='lat' dir='ltr'><strong>attigit</strong></span> <span class='ocrx_word' id='word_1_263' title='bbox 1830 2583 1858 2635; x_wconf 90' lang='lat'><strong>¹,</strong></span> <span class='ocrx_word' id='word_1_264' title='bbox 1879 2585 1922 2626; x_wconf 85' lang='lat' dir='ltr'><strong>et</strong></span> 
     </span>
     <span class='ocr_line' id='line_1_34' title="bbox 391 2652 1917 2713; baseline 0 -17"><span class='ocrx_word' id='word_1_265' title='bbox 391 2652 651 2697; x_wconf 87' lang='lat' dir='ltr'><strong>doctissima</strong></span> <span class='ocrx_word' id='word_1_266' title='bbox 667 2653 714 2696; x_wconf 91' lang='lat' dir='ltr'><strong>F.</strong></span> <span class='ocrx_word' id='word_1_267' title='bbox 748 2653 799 2697; x_wconf 90' lang='lat' dir='ltr'><strong>G.</strong></span> <span class='ocrx_word' id='word_1_268' title='bbox 821 2653 1070 2697; x_wconf 55' lang='lat' dir='ltr'><strong>NVelckerii</strong></span> <span class='ocrx_word' id='word_1_269' title='bbox 1098 2653 1150 2696; x_wconf 89' lang='lat' dir='ltr'><strong>de</strong></span> <span class='ocrx_word' id='word_1_270' title='bbox 1171 2653 1294 2696; x_wconf 90' lang='lat' dir='ltr'><strong>Ionis</strong></span> <span class='ocrx_word' id='word_1_271' title='bbox 1314 2652 1527 2713; x_wconf 89' lang='lat' dir='ltr'><strong>tragediis</strong></span> <span class='ocrx_word' id='word_1_272' title='bbox 1546 2653 1865 2697; x_wconf 86' lang='lat' dir='ltr'><strong>commentatio</strong></span> <span class='ocrx_word' id='word_1_273' title='bbox 1887 2653 1917 2696; x_wconf 79' lang='lat'><strong>2.</strong></span> 
     </span>
    </p>
   </div>
   <div class='ocr_carea' id='block_1_3' title="bbox 387 2786 1916 2925">
    <p class='ocr_par' dir='ltr' id='par_1_4' title="bbox 387 2786 1916 2925">
     <span class='ocr_line' id='line_1_35' title="bbox 431 2786 1916 2831; baseline -0.001 -10"><span class='ocrx_word' id='word_1_274' title='bbox 431 2791 458 2822; x_wconf 89' lang='lat'><strong>1.</strong></span> <span class='ocrx_word' id='word_1_275' title='bbox 480 2790 590 2822; x_wconf 87' lang='lat' dir='ltr'><strong>Ceteri</strong></span> <span class='ocrx_word' id='word_1_276' title='bbox 608 2790 668 2830; x_wconf 88' lang='lat' dir='ltr'><strong>qui</strong></span> <span class='ocrx_word' id='word_1_277' title='bbox 686 2789 727 2821; x_wconf 85' lang='lat' dir='ltr'><strong>de</strong></span> <span class='ocrx_word' id='word_1_278' title='bbox 746 2790 828 2821; x_wconf 87' lang='lat' dir='ltr'><strong>Ione</strong></span> <span class='ocrx_word' id='word_1_279' title='bbox 847 2789 964 2830; x_wconf 83' lang='lat' dir='ltr'><strong>aliqua</strong></span> <span class='ocrx_word' id='word_1_280' title='bbox 991 2789 1211 2831; x_wconf 83' lang='lat' dir='ltr'><strong>seripserunt</strong></span> <span class='ocrx_word' id='word_1_281' title='bbox 1232 2789 1270 2821; x_wconf 91' lang='lat' dir='ltr'><strong>in</strong></span> <span class='ocrx_word' id='word_1_282' title='bbox 1290 2788 1383 2821; x_wconf 81' lang='lat' dir='ltr'><strong>notis</strong></span> <span class='ocrx_word' id='word_1_283' title='bbox 1406 2788 1511 2830; x_wconf 85' lang='lat' dir='ltr'><strong>hujus</strong></span> <span class='ocrx_word' id='word_1_284' title='bbox 1538 2786 1646 2820; x_wconf 89' lang='lat' dir='ltr'><strong>libelli</strong></span> <span class='ocrx_word' id='word_1_285' title='bbox 1667 2788 1916 2821; x_wconf 83' lang='lat' dir='ltr'><strong>laudabuntur.</strong></span> 
     </span>
     <span class='ocr_line' id='line_1_36' title="bbox 427 2835 1915 2878; baseline -0.001 -10"><span class='ocrx_word' id='word_1_286' title='bbox 427 2838 457 2869; x_wconf 84' lang='lat'><strong>2.</strong></span> <span class='ocrx_word' id='word_1_287' title='bbox 476 2837 537 2868; x_wconf 80' lang='lat' dir='ltr'><strong>Die</strong></span> <span class='ocrx_word' id='word_1_288' title='bbox 547 2837 784 2868; x_wconf 73' lang='lat' dir='ltr'><strong>Grieclzisclzen</strong></span> <span class='ocrx_word' id='word_1_289' title='bbox 798 2837 994 2877; x_wconf 67' lang='lat' dir='ltr'><strong>Traqaeclien</strong></span> <span class='ocrx_word' id='word_1_290' title='bbox 1009 2837 1071 2868; x_wconf 82' lang='lat' dir='ltr'><strong>mit</strong></span> <span class='ocrx_word' id='word_1_291' title='bbox 1085 2836 1267 2869; x_wconf 70' lang='lat' dir='ltr'><strong>Rucksicht</strong></span> <span class='ocrx_word' id='word_1_292' title='bbox 1280 2838 1350 2878; x_wconf 81' lang='lat' dir='ltr'><strong>auf</strong></span> <span class='ocrx_word' id='word_1_293' title='bbox 1357 2837 1422 2868; x_wconf 83' lang='lat' dir='ltr'><strong>den</strong></span> <span class='ocrx_word' id='word_1_294' title='bbox 1433 2836 1590 2878; x_wconf 77' lang='lat' dir='ltr'><strong>epischen</strong></span> <span class='ocrx_word' id='word_1_295' title='bbox 1604 2835 1726 2878; x_wconf 78' lang='lat' dir='ltr'><strong>Cyclus</strong></span> <span class='ocrx_word' id='word_1_296' title='bbox 1739 2835 1915 2877; x_wconf 75' lang='lat' dir='ltr'><strong>qeordnet,</strong></span> 
     </span>
     <span class='ocr_line' id='line_1_37' title="bbox 387 2884 1247 2925; baseline -0.001 -9"><span class='ocrx_word' id='word_1_297' title='bbox 387 2884 498 2924; x_wconf 89' lang='lat' dir='ltr'><strong>Bonn,</strong></span> <span class='ocrx_word' id='word_1_298' title='bbox 521 2885 710 2923; x_wconf 77' lang='lat'><strong>1839-1841,</strong></span> <span class='ocrx_word' id='word_1_299' title='bbox 732 2884 768 2915; x_wconf 88' lang='lat' dir='ltr'><strong>in</strong></span> <span class='ocrx_word' id='word_1_300' title='bbox 786 2884 890 2916; x_wconf 81' lang='lat' dir='ltr'><strong>tertia</strong></span> <span class='ocrx_word' id='word_1_301' title='bbox 908 2886 1018 2925; x_wconf 86' lang='lat' dir='ltr'><strong>parte,</strong></span> <span class='ocrx_word' id='word_1_302' title='bbox 1038 2894 1071 2925; x_wconf 90' lang='lat' dir='ltr'><strong>p.</strong></span> <span class='ocrx_word' id='word_1_303' title='bbox 1094 2885 1152 2916; x_wconf 80' lang='lat'><strong>937</strong></span> <span class='ocrx_word' id='word_1_304' title='bbox 1173 2894 1247 2925; x_wconf 85' lang='lat' dir='ltr'><strong>sqq.</strong></span> 
     </span>
    </p>
   </div>
  </div>
 </body>
</html>
