2125 3534
942 252 1173 297 ,26-

295 370 368 410 tur
395 367 562 411 Bacchi
589 366 734 410 filium
762 365 900 409 fuisse
922 367 950 408 ¹.
982 366 1097 408 Hinc
1132 365 1327 423 intelligi
1348 367 1495 424 potest
1520 363 1694 417 Ionem,
1719 379 1826 408 cum

294 442 500 482 veterum
528 439 718 482 heroum
740 437 926 480 nomina
958 437 1004 479 in
1026 436 1235 495 elegiacis
1257 435 1533 479 carminibus
1556 434 1826 488 adhibuerit,

296 524 350 552 ex
369 509 496 568 epico
515 509 638 552 fonte
661 507 904 566 aliquando
923 507 1142 559 hausisse,
1168 522 1249 550 nec
1273 507 1500 550 dubitasse
1523 505 1752 549 interdum
1774 521 1828 549 ex

295 580 523 624 veteribus
544 579 706 623 fabulis
733 593 808 622 eas
829 578 992 636 eligere
1015 593 1112 636 quae
1133 578 1251 620 inter
1278 578 1470 636 patriam
1501 575 1599 633 ejus
1620 580 1664 620 et
1689 577 1829 620 Athe-

296 667 377 696 nas
398 651 807 709 consanguinitatis
829 649 1033 708 quaedam
1054 650 1238 693 vincula
1266 649 1573 692 instituerent.

354 724 543 766 Etiamsi
564 722 684 769 haud
714 721 930 765 mediocri
956 722 1003 764 in
1034 720 1282 764 condendis
1317 720 1526 778 elegiacis
1552 719 1831 763 carminibus

296 794 463 837 virtute
487 794 567 837 Ion
589 793 849 853 pi‘aestitisse
877 792 1068 843 videtur,
1095 808 1335 836 caveamus
1357 796 1510 835 tamen
1528 806 1584 834 ne
1606 806 1710 834 eum
1732 791 1834 849 plus

298 865 346 908 in
366 865 451 909 hoc
479 880 643 924 genere
674 865 869 909 valuisse
896 864 1187 917 arbitremur,
1216 879 1352 922 quam
1383 863 1542 907 valuit.
1565 863 1685 907 Vero
1715 861 1837 905 enim

297 937 504 980 aberrare
532 937 644 980 mihi
673 937 885 980 videntur
906 936 1116 979 nonnulli
1140 936 1216 993 qui
1244 935 1458 994 suspicati
1479 937 1584 978 sunt
1606 937 1832 985 nostrum,

298 1003 485 1052 desertis
506 1011 713 1050 veterum
734 1007 952 1064 vestigiis,
979 1021 1146 1049 novam
1168 1006 1416 1064 elegiarum
1447 1005 1641 1048 formam
1669 1018 1833 1062 procu-

299 1079 431 1131 disse,
455 1078 779 1137 sympasiacam
803 1078 990 1130 scilicet,
1017 1077 1061 1120 id
1080 1081 1147 1120 est
1167 1077 1223 1120 ad
1244 1076 1288 1119 id
1310 1077 1441 1120 unice
1464 1074 1763 1135 compositam
1783 1076 1835 1116 ut

299 1151 347 1193 in
381 1150 600 1194 conviviis
635 1149 916 1201 recitaretur,
951 1148 1101 1206 qualia
1131 1148 1269 1191 fuisse
1303 1151 1481 1191 constat
1518 1162 1617 1205 quae
1655 1144 1835 1204 proprie

302 1222 516 1265 dicuntur
543 1220 697 1273 scolia,
734 1224 809 1263 aut
831 1219 1149 1271 Anacreontis,
1174 1219 1332 1271 Alcaei,
1365 1219 1651 1276 aliorumque
1678 1219 1835 1275 poeta-

302 1307 403 1336 rum
425 1292 627 1335 carmina
649 1292 677 1333 ².
702 1318 758 1322 —
778 1290 896 1343 Non,
918 1290 1127 1348 equidem
1159 1290 1318 1342 fateor,
1344 1289 1533 1333 dubium
1567 1304 1662 1331 6556
1690 1290 1839 1346 potest

301 1364 410 1422 quin
431 1363 554 1406 Ionis
576 1362 823 1420 elegiarum
844 1356 1218 1420 fragmenta'quae
1241 1364 1484 1419 supersunt
1504 1361 1551 1403 in
1566 1359 1735 1404 Bacchi
1752 1359 1836 1402 ho-

300 1449 459 1478 norem
488 1433 653 1492 scripta
683 1433 772 1475 sint
795 1436 839 1475 et
865 1432 921 1475 ad
942 1432 1176 1475 convivale
1200 1447 1344 1490 genus
1372 1432 1528 1475 referri
1563 1431 1752 1490 possint.
1777 1430 1839 1472 At

299 1506 398 1564 quis
418 1508 552 1563 neget
573 1504 786 1563 pauciora
808 1504 886 1546 illa
908 1519 1004 1546 esse
1028 1518 1163 1561 quam
1185 1507 1235 1547 ut
1264 1519 1318 1546 ex
1349 1503 1404 1546 iis
1425 1503 1586 1546 merito
1610 1502 1837 1561 possimus

300 1576 571 1621 contendere
601 1576 753 1619 omnia
782 1575 925 1618 nostri
948 1575 1151 1618 carmina
1178 1575 1376 1633 elegiaca
1404 1574 1457 1618 de
1490 1574 1652 1617 iisdem
1686 1573 1834 1625 rebus,

301 1648 520 1692 conviviis
538 1661 719 1705 nempe,
744 1650 821 1689 aut
843 1646 1012 1689 Bacchi
1036 1646 1312 1703 Venerisque
1334 1646 1558 1699 laudibus,
1584 1648 1661 1688 aut
1682 1645 1719 1687 si
1740 1659 1838 1702 quae

301 1723 406 1763 sunt
440 1720 604 1762 horum
636 1718 816 1770 similia,
854 1718 1023 1777 scripta.
1055 1720 1183 1761 esse‘.>
1215 1718 1376 1762 Nonne
1402 1722 1579 1777 poterat
1612 1718 1750 1761 etiam
1786 1731 1840 1760 ex

300 1789 575 1849 quotidianis
597 1789 849 1832 amicorum
872 1793 949 1832 aut¹
981 1804 1061 1832 sua
1089 1789 1233 1848 ipsius
1262 1790 1369 1843 vita,
1407 1789 1583 1842 studiis,
1609 1787 1841 1832 laboribus

300 1862 386 1904 alia
415 1864 684 1919 argumenta
706 1862 914 1903 sumere?
935 1886 992 1891 —
1022 1860 1259 1914 Praeterea,
1297 1860 1416 1919 quod
1451 1860 1708 1918 fragmenta
1741 1874 1838 1918 quae

301 1932 467 1976 suntin
489 1932 655 1975 nostris
678 1932 889 1976 manibus
912 1932 1208 1976 convivarum
1225 1932 1432 1976 cantibus
1457 1932 1692 1991 aptissima
1713 1934 1834 1984 sunt,

302 2019 394 2047 non
430 2004 534 2047 inde
571 2004 798 2047 evincitur
824 2019 875 2047 ea
902 2003 956 2047 ad
986 2003 1030 2046 id
1060 2004 1351 2063 potissimum
1385 2018 1480 2047 esse
1513 2003 1765 2062 composita
1791 2005 1841 2046 ut

304 2078 610 2119 cantarentur.
650 2074 802 2127 Quid?
835 2074 906 2118 Ad
934 2090 1037 2118 eum
1072 2075 1208 2118 finem
1237 2075 1499 2134 compositae
1535 2078 1641 2118 sunt
1673 2078 1840 2133 tragoe-

305 2146 418 2189 diae?
452 2161 644 2204 quarum
673 2161 830 2189 versus
869 2146 1112 2204 aliquando
1148 2147 1267 2189 inter
1311 2147 1466 2206 epulas
1500 2146 1711 2189 recitatos
1747 2160 1844 2189 esse

306 2221 497 2261 constat.
523 2217 653 2270 Quod
672 2217 792 2260 idem
813 2218 933 2261 valet
968 2218 1020 2261 de
1045 2218 1449 2277 epigrammatibus
1475 2221 1551 2261 aut
1572 2218 1671 2260 aliis
1696 2216 1845 2275 cujus-

305 2289 372 2331 vis
394 2289 570 2347 generis
592 2289 890 2347 poematibus.
915 2316 972 2320 —
992 2289 1052 2332 At
1073 2289 1142 2332 fac
1166 2289 1324 2333 Ionem
1345 2289 1495 2333 nullas
1523 2304 1727 2347 unquam
1752 2289 1844 2332 ele-

307 2360 400 2418 gias
429 2360 677 2418 scripsisse,
703 2375 800 2418 quae
834 2375 926 2403 non
954 2360 1009 2404 ad
1043 2361 1255 2404 convivia,
1282 2361 1576 2420 pertinerent.
1606 2361 1708 2404 Non
1738 2360 1845 2404 inde

307 2431 509 2489 sequitur
531 2429 668 2488 hujus
689 2432 867 2489 generis
895 2436 1132 2475 auctorem
1160 2432 1320 2476 Ionem
1343 2432 1583 2485 exstitisse,
1614 2446 1719 2475 cum
1747 2430 1844 2489 ejus

306 2502 430 2546 modi
445 2502 646 2546 carmina
680 2501 775 2560 jam
814 2503 1101 2562 reperiantur
1141 2503 1260 2563 apud
1293 2503 1602 2562 Theognidem
1641 2503 1841 2556 multa33

351 2633 378 2663 1.
400 2632 600 2667 Athenfeus,
620 2632 645 2669 I,
665 2633 715 2667 26,
732 2642 760 2663 c.

350 2682 378 2711 2.
398 2681 527 2713 Osann.
543 2680 707 2719 Beitroeqe
727 2690 789 2711 :ur
809 2680 943 2712 Griech.
967 2681 1038 2712 und
1060 2681 1240 2713 Roemz'sch.
1265 2682 1407 2715 Literat.
1430 2682 1456 2720 Ι,
1473 2691 1505 2723 p.
1526 2682 1633 2713 30-78.
1657 2700 1695 2704 —
1714 2681 1761 2714 Cf.
1778 2680 1848 2713 dis-

310 2729 529 2770 putationem
549 2737 654 2767 quain
669 2728 709 2759 de
727 2728 848 2759 eadem
863 2738 898 2759 re
914 2729 1304 2761 iiistituitxx⁷clcke1·ii1s
1326 2729 1557 2770 (Rlzeinz'sclzes
1577 2730 1742 2767 Muscam,
1759 2730 1849 2768 1836,

312 2784 378 2806 sec.
402 2775 520 2813 series.
539 2785 571 2816 p.
597 2776 667 2812 437,
687 2776 790 2816 sqq),
812 2777 913 2816 cujus
941 2785 1005 2807 nos
1025 2777 1229 2817 opinionem
1248 2778 1438 2818 sequimur.

354 2824 383 2853 3.
398 2822 625 2902 1{idehversus
655 2831 743 2863 quos
764 2832 871 2864 supra
892 2823 1124 2856 laudavimus.
1147 2824 1196 2856 Cf.
1218 2834 1247 2856 V.
1270 2826 1329 2858 237
1350 2834 1445 2866 sqq.;
1467 2826 1524 2857 879
1542 2833 1640 2866 sqq.;
1663 2826 1726 2857 etc.
1750 2825 1845 2866 (Lyr.

313 2880 378 2911 qr„
427 2878 535 2911 erg
