2125 3534
792 677 980 723 CAPUT
1016 679 1054 722 V

500 896 564 938 DE
593 910 905 938 DITHYRAMBICIS
939 893 1054 937 IONIS
1083 908 1337 940 CARMINIBL'S.

222 1148 286 1191 Ex
322 1148 375 1191 iis
405 1163 503 1206 quae
536 1147 588 1191 de
616 1147 736 1191 Ionis
763 1147 991 1206 tragoediis
1023 1148 1312 1206 exposuimus
1344 1146 1520 1189 videtur
1553 1146 1598 1189 in
1633 1161 1683 1189 eo

167 1219 386 1262 exstitisse
431 1219 635 1277 quaedam
681 1218 1090 1261 diversissimorum
1138 1218 1387 1261 studiorum
1434 1232 1685 1275 repugnan-

164 1289 240 1342 tia⁷
265 1289 375 1333 adeo
408 1293 457 1333 ut
477 1305 580 1333 eum
608 1290 653 1332 in
689 1304 734 1332 se
768 1290 1042 1333 contraxisse
1071 1289 1192 1332 dicas
1221 1293 1315 1331 tum
1339 1304 1387 1331 ea
1409 1304 1505 1346 quaa
1526 1288 1684 1346 prioris

166 1360 311 1418 quinti
333 1361 483 1404 saeculi
511 1361 646 1419 partis
669 1361 847 1419 propria
877 1360 1208 1418 quadammodo
1230 1360 1426 1410 fuerunt,
1461 1363 1555 1402 tum
1587 1374 1684 1416 quae

166 1431 412 1491 peculiaria
439 1431 595 1475 habuit
625 1431 764 1474 altera
797 1431 999 1489 ejusdem
1027 1432 1179 1475 saeculi
1216 1446 1330 1489 pars.
1367 1431 1482 1473 Dum
1511 1429 1685 1472 medius

166 1503 282 1546 inter
328 1507 564 1561 utramque
597 1507 774 1547 aetatcm
812 1505 1018 1555 fluctuat,
1064 1503 1230 1561 aliquid
1271 1502 1414 1545 adhuc
1465 1517 1518 1545 ex
1563 1515 1686 1543 more

164 1574 422 1633 AEschyleo,
460 1589 624 1633 nempe
654 1576 700 1617 in
733 1575 957 1618 scribendi
985 1590 1147 1632 genere
1185 1578 1225 1617 et
1261 1571 1552 1632 depingendis
1586 1586 1686 1629 per-

167 1660 381 1689 sonarum
423 1646 611 1699 naturis,
653 1646 837 1698 1¹etinet;
873 1661 964 1689 non
991 1650 1142 1688 tamen
1165 1645 1338 1688 alienus
1371 1648 1435 1687 est
1469 1643 1523 1687 ab
1556 1642 1687 1685 Euri-

165 1715 295 1775 pidea
320 1717 645 1760 sententiarum
678 1718 875 1775 artisque
903 1717 1115 1760 novitate.
1145 1716 1252 1768 Quae
1283 1715 1543 1758 adolescens
1565 1728 1589 1756 a
1615 1727 1688 1755 ve-

164 1790 257 1831 tere
291 1787 507 1846 magistro
537 1787 705 1840 didicit,
731 1803 822 1831 non
845 1788 1033 1846 perdidit
1069 1789 1236 1839 omnia,
1260 1786 1336 1830 scd
1372 1801 1462 1829 non
1500 1784 1686 1835 dubitat,

166 1858 386 1902 maturior
410 1857 506 1917 jam
536 1859 697 1912 factus,
721 1873 875 1918 parere
908 1859 1161 1902 minoribus
1180 1859 1366 1916 aliisque
1391 1855 1593 1914 vestigiis
1620 1855 1690 1897 in-

171 1929 342 1973 sistere.

227 2000 324 2053 Quo
346 2000 494 2044 studio
516 2000 598 2044 Ion
625 2001 824 2045 recentia
858 2004 1094 2060 poetarum
1128 2000 1312 2043 inventa
1343 2002 1588 2043 assectatus
1619 1997 1676 2040 sit

167 2071 213 2115 id
244 2072 392 2131 ipsum
425 2076 575 2131 aperte
597 2071 808 2125 declarat,
839 2071 958 2130 quod
990 2072 1159 2115 multus
1182 2071 1266 2114 fuit
1294 2071 1339 2113 in
1367 2068 1692 2129 componendis

169 2142 508 2202 dithyrambicis
536 2144 828 2187 carminibus.
860 2142 1047 2186 Nullum
1069 2143 1192 2185 enim
1213 2141 1334 2185 aliud
1352 2141 1556 2184 invenias
1584 2154 1691 2199 poe-

169 2217 343 2258 matum
364 2228 506 2272 genus
526 2215 573 2257 in
594 2229 681 2272 quo
703 2214 785 2257 sibi
808 2228 931 2271 aeque
954 2213 1018 2255 fas
1040 2228 1134 2256 esse
1156 2216 1361 2256 auctores
1378 2211 1589 2257 duxerint
1603 2211 1692 2253 ins-

169 2285 323 2328 titutas
343 2300 369 2328 a
387 2285 669 2344 superiorum
693 2289 947 2343 temporum
963 2283 1255 2342 scriptoribus
1271 2283 1392 2341 leges
1411 2280 1689 2341 perturbare,

172 2355 350 2400 nullum
371 2356 418 2399 in
439 2371 525 2414 quo
550 2356 677 2415 plura
697 2372 722 2399 a
748 2350 952 2414 pluribus
971 2355 1088 2398 intra
1107 2355 1340 2413 pauciores
1361 2369 1504 2398 annos
1524 2354 1696 2395 mutata

172 2426 275 2470 sint.
305 2427 362 2472 Ut
393 2430 591 2470 veterem
623 2426 753 2469 illum
787 2426 969 2469 Arionis
1005 2425 1340 2484 dithyrambum
1381 2425 1605 2476 omittam,
1643 2436 1697 2466 ex

175 2512 262 2555 quo
289 2497 508 2556 paulatim
529 2501 624 2541 orta
645 2497 903 2540 Graecorum
928 2495 1145 2554 tragoedia
1176 2495 1230 2539 ad
1264 2496 1488 2554 expletam
1523 2494 1697 2553 perfec-

177 2571 359 2626 tamque
403 2568 596 2612 formam
634 2567 848 2626 perducta
891 2571 971 2620 est,
1001 2567 1090 2620 vix,
1127 2566 1510 2610 Pisistratidarum
1551 2567 1695 2616 aetate,

178 2639 415 2682 instaurati
451 2643 578 2683 erant
611 2638 770 2698 cyclici
806 2638 948 2684 chori.
977 2651 1081 2681 cum
1108 2637 1365 2681 auctorIbus
1395 2637 1450 2680 iis
1479 2636 1602 2695 ipsis,
1624 2634 1698 2693 qui

178 2709 301 2754 hunc
322 2724 496 2754 morem
517 2709 786 2753 reduxerant
805 2710 836 2762 ¹,
869 2708 1092 2752 diversam
1110 2708 1230 2752 viam
1253 2707 1427 2768 ingredi
1450 2708 1696 2766 coeperunt‚

221 2845 250 2877 1.
270 2844 397 2887 Bergk,
417 2844 548 2877 Griech.
570 2844 782 2882 Literat.‚11,
801 2853 833 2885 p.
855 2845 924 2876 531.
946 2844 1046 2878 Anno
1066 2844 1164 2877 508-4
1184 2844 1255 2877 ant.
1275 2843 1334 2876 Ch.
1353 2852 1386 2875 n.
1408 2843 1562 2885 primum
1578 2839 1701 2883 cyclici

183 2892 256 2925 ludi
275 2893 419 2925 Athenis
438 2893 589 2925 instituti
609 2902 683 2924 csse
701 2892 872 2923 videntur.
