2125 3534
974 257 1203 299 ,08-

387 369 594 414 Ceterum
632 382 725 411 non
761 366 840 410 uni
882 366 1098 425 magistro
1132 380 1227 409 sese
1262 365 1344 409 Ion
1375 364 1626 416 addixerat;
1667 365 1854 406 testatur

327 444 468 500 poetae
489 440 630 483 nostri
648 440 744 498 ipsa
759 437 899 481 oratio
916 452 1019 480 eum
1034 452 1127 480 non
1144 437 1385 495 aequalium
1408 434 1542 478 modo
1561 433 1638 477 sed
1651 436 1855 477 veterum

329 511 463 555 etiam
478 514 713 554 auctorum
730 509 895 567 scripta
917 508 1122 567 diligenti
1143 523 1281 551 manu
1296 506 1559 551 versavisse.
1579 506 1636 551 Ut
1653 504 1857 564 quaedam

329 581 447 641 apud
462 597 565 625 eum
581 580 796 624 audacius
817 579 1033 622 translata
1058 579 1192 623 verba
1212 578 1508 637 AEschyleum
1534 575 1759 619 scribendi
1780 590 1858 634 ge-

330 668 415 696 nus
430 653 631 696 referunt
651 653 680 705 ¹,
701 652 763 694 ita
777 651 866 694 alia
881 650 1099 708 quaedam,
1118 651 1165 693 ni
1182 650 1329 702 fallor,
1349 649 1402 692 ad
1418 647 1671 707 Euripideae.
1693 646 1860 690 oratio-

330 724 402 767 nis
428 738 601 767 morem
634 722 835 766 revocari
867 726 1070 781 possunt,
1095 725 1138 765 et
1159 722 1431 765 rhetoricam
1458 719 1592 779 paulo
1614 719 1714 778 plus
1734 732 1861 776 aequo

331 797 548 840 redolent.
579 795 785 854 Exempli
799 794 942 853 gratia
967 794 1099 838 liceat
1120 794 1204 837 hos
1230 792 1454 837 Plzoenz'cis
1467 806 1624 836 versus
1642 789 1827 835 laudare
1851 802 1859 831 :

425 895 513 930 ...Et
532 895 571 929 in
592 897 694 929 terra
713 893 837 928 leonis
856 893 977 940 magis
996 892 1111 928 laudo

423 965 538 1000 quam
560 953 686 989 echini
707 953 868 987 miseras
889 955 1003 997 artes,
1733 949 1861 996 [videt,

423 1014 488 1058 qui
509 1013 829 1058 quotiescumque
850 1012 925 1046 alia
951 1009 1161 1058 (animalia)
1183 1010 1369 1046 validiora
1399 1010 1586 1056 impetum
1613 1010 1652 1044 in
1679 1020 1718 1045 se
1740 1010 1865 1045 facere

423 1073 463 1107 in
484 1072 616 1107 orbem
636 1071 841 1115 volutatus,
867 1071 988 1117 spinis
1009 1071 1339 1105 circummuniens
1360 1081 1512 1115 corpus,

420 1131 525 1177 jacet
544 1142 668 1176 neque
689 1131 866 1166 mordere
886 1141 1010 1175 neque
1033 1132 1188 1175 tangere
1209 1131 1347 1174 potest.

426 1191 471 1225 Et
491 1190 544 1237 (in
564 1189 675 1236 mari)
698 1190 799 1225 inter
819 1200 908 1224 saxa
927 1189 1117 1223 viventem
1139 1188 1249 1223 cirris
1277 1188 1532 1235 exsanguibus
1555 1186 1814 1234 (instructum)

427 1249 490 1285 odi
511 1249 660 1285 colores
680 1252 896 1284 mutantem
918 1248 1104 1294 polypum
1126 1248 1153 1282 2.

334 1344 394 1387 At
415 1344 461 1387 in
485 1344 570 1387 hoc
598 1344 694 1402 ipso
716 1343 832 1396 loco,
857 1342 965 1385 dum
990 1342 1037 1384 in
1059 1341 1338 1400 explicandis
1357 1345 1399 1385 et
1416 1342 1744 1401 amplificandis
1766 1357 1870 1386 sen-

335 1415 488 1458 tentiis
504 1414 764 1473 Euripidem
786 1415 833 1456 in
848 1413 1116 1456 memoriam
1135 1412 1266 1455 nobis
1288 1417 1482 1467 revocat,
1501 1413 1549 1456 in
1564 1414 1756 1472 singulis
1774 1429 1871 1458 ver-

335 1486 403 1529 bis
429 1487 730 1544 antiquiorem
752 1489 946 1544 poetam,
970 1483 1281 1543 Theognidem
1306 1484 1493 1538 scilicet,
1518 1485 1794 1529 recordatur.
1818 1485 1873 1530 In

335 1557 608 1615 Theognidis
630 1557 752 1599 enim
779 1556 934 1615 elegiis
951 1554 1048 1613 jam
1069 1556 1185 1598 hanc
1209 1570 1231 1598 e
1262 1555 1427 1615 polypo
1452 1555 1633 1599 ductam
1662 1558 1874 1601 similitu-

338 1627 505 1680 dinem,
532 1632 574 1671 et
592 1643 726 1671 voces
747 1627 1009 1679 nonnullas,
1036 1626 1198 1684 quibus
1221 1626 1302 1669 lon
1326 1642 1435 1670 usus
1461 1631 1542 1680 est,
1568 1629 1819 1688 reperimus
1838 1631 1869 1672 ³.

395 1700 497 1742 Non
518 1702 669 1743 tamen
698 1699 959 1758 negaverim
988 1713 1081 1741 non
1103 1698 1253 1741 omnia
1277 1698 1331 1741 ab
1362 1698 1461 1741 aliis
1489 1703 1747 1742 mutuatum
1778 1713 1875 1742 esse

336 1769 493 1814 Ionem
519 1784 527 1813 ς
553 1770 753 1814 indolem
787 1784 914 1813 suam
935 1768 1057 1812 haud
1082 1768 1216 1811 dubie
1239 1768 1366 1826 sequi
1388 1768 1540 1813 debuit
1573 1775 1616 1813 et
1643 1769 1696 1813 ab
1723 1784 1874 1828 aequa-

338 1841 456 1885 libus
475 1841 567 1884 suis
589 1842 783 1901 propriis
810 1839 1080 1900 quibusdam
1100 1839 1342 1883 virtutibus
1362 1843 1439 1883 aut
1459 1840 1580 1883 vitiis
1603 1840 1872 1901 discrepare.

380 1973 408 2002 1.
427 1971 594 2012 Exemplo
619 1971 690 2002 sint
707 1972 948 2012 καταφράκτοις
970 1971 1089 2012 ψυχαῖς
1115 1969 1170 2011 (fr.
1193 1970 1223 2008 6,
1246 1969 1401 2011 Nauck);
1426 1970 1462 2001 ἐκ
1485 1972 1546 2001 τῶν
1577 1970 1725 2002 ἀέλπτων
1747 1971 1875 2012 μᾶλλον

340 2019 489 2061 ὤρχησαι
511 2020 621 2061 φρένας
641 2019 695 2060 (1“1“.
719 2020 787 2060 50);
810 2018 1044 2060 ὀλιγοδρανέων
1062 2018 1116 2059 (fr.
1137 2018 1205 2059 53);
1222 2018 1320 2053 αὐλὸς
1342 2018 1486 2061 ἀλέκτωρ
1507 2020 1561 2061 (fr.
1582 2021 1649 2061 59]st
1670 2020 1756 2061 ῥοθεῖ
1775 2018 1806 2049 δέ
1827 2028 1877 2049 τοι

340 2066 450 2108 σύριγξ
472 2066 615 2108 ἀλέκτωρ
636 2068 690 2108 (fr.
719 2069 769 2106 45,
799 2077 879 2099 cum
904 2077 973 2108 quo
994 2066 1155 2098 conferas
1176 2065 1327 2106 AEschyl.
1356 2066 1520 2108 Supplic„
1553 2068 1611 2098 <209
1641 2077 1647 2098 :
1670 2068 1765 2105 Ζηνὸς
1793 2065 1878 2108 ὄρνιν

341 2113 432 2145 τόνδε
457 2116 511 2145 νῦν
533 2114 745 2153 κικλήσκετε.
772 2115 967 2147 Scholiasta
993 2113 1076 2156 ὄρνιν
1104 2124 1224 2145 vocem
1252 2114 1490 2156 interpretans
1513 2126 1519 2147 ι
1548 2117 1602 2146 τὸν
1627 2115 1724 2154 ἥλιον
1745 2115 1879 2156 inquit3

342 2162 523 2201 ἐξανίστησι
554 2165 611 2204 γὰρ
642 2163 725 2203 ἡμᾶς
753 2162 791 2197 ὡς
819 2162 834 2193 ὁ
864 2162 1072 2203 ἁλεκτρύων).
1096 2162 1181 2193 Vide
1214 2162 1318 2194 etiam
1347 2163 1481 2204 passim
1511 2163 1548 2194 in
1571 2163 1777 2204 fragmentis
1796 2163 1880 2195 satis

342 2210 453 2242 multa
472 2211 668 2252 composita
691 2210 796 2242 verba
819 2210 861 2241 ab
880 2210 1064 2250 AEschyleo
1085 2219 1182 2241 more
1197 2219 1268 2241 non
1289 2210 1414 2242 aliena.

384 2258 413 2287 2.
433 2258 569 2299 Fragm.
593 2259 630 2290 38
651 2260 684 2290 et
704 2260 740 2289 36
770 2258 929 2299 (Nauck).
952 2259 1196 2298 Coiij00turam
1217 2258 1383 2289 Meinekii
1416 2259 1597 2299 sequimur
1617 2259 1676 2300 qui
1702 2259 1882 2301 jungenda

345 2303 414 2335 duo
432 2304 504 2336 haec
525 2306 723 2347 fragmenta
743 2305 935 2337 arbitratur
953 2305 1184 2345 (Pliiloloyus,
1206 2306 1295 2344 1860,
1310 2316 1344 2347 p.
1368 2307 1448 2347 143).
1471 2306 1553 2344 Quae
1574 2307 1615 2338 de
1634 2307 1782 2349 singulis
1800 2306 1882 2348 qui-

345 2352 494 2384 busdam
514 2354 692 2385 mutandis
712 2354 798 2385 locis
820 2353 917 2385 addit
948 2363 1019 2385 11011
1042 2352 1259 2384 admisimus.
1282 2371 1320 2374 —
1343 2353 1460 2384 Liceat
1484 2355 1517 2385 et
1536 2354 1743 2395 Aryivorum
1764 2353 1852 2385 illud
1872 2364 1880 2386 ε

344 2398 487 2430 παλαιὸν
506 2399 608 2435 οἰκίας
628 2401 723 2442 σάρον
744 2410 825 2432 011111
844 2399 1040 2441 Euripideae
1062 2400 1186 2431 Medeae
1206 2409 1312 2432 versu
1331 2401 1370 2432 48
1391 2400 1563 2441 conferre,
1580 2401 1617 2433 111
1639 2411 1709 2443 quo
1728 2401 1857 2443 legitur
1873 2410 1881 2433 :

345 2445 489 2478 παλαιὸν
511 2448 606 2478 οἴκων
630 2449 754 2488 κτῆμα.

387 2494 416 2525 3.
435 2495 618 2537 Theognis,
642 2505 673 2527 V.
695 2496 733 2527 65
756 2504 833 2537 sqq.

900 2541 1006 2583 γνώσῃ
1028 2542 1085 2583 γὰρ
1105 2540 1237 2583 ὀϊζυρῶν
1257 2542 1368 2584 φρένας
1391 2541 1522 2584 ἀνδρῶν,

923 2589 962 2623 ὣς
983 2599 1055 2629 σφιν
1077 2588 1126 2618 ἐπ’
1147 2589 1286 2630 ἔργοισιν
1309 2589 1416 2623 πίστις
1439 2589 1489 2620 ἔπ’
1511 2589 1655 2630 οὐδεμία,

837 2635 924 2667 ἀλλὰ
939 2635 1054 2670 δόλους
1065 2637 1091 2666 τ’
1107 2635 1230 2671 ἀπάτας
1244 2647 1277 2667 τε
1289 2636 1520 2672 πολυπλοκίας
1534 2638 1560 2668 τ’
1577 2637 1747 2679 ἐφίλησαν,
1759 2649 1791 2670 κ.
1806 2648 1835 2670 τ.
1849 2636 1884 2670 λ.

351 2682 396 2716 Cf.
415 2681 588 2723 eumdem,
606 2691 640 2715 v.
654 2683 713 2715 215
728 2692 804 2725 sqq.
818 2694 825 2716 ;
841 2683 995 2715 Πολύπου
1017 2682 1113 2724 ὀργὴν
1135 2684 1209 2725 ἴσχε
1228 2684 1460 2721 πολυπλόκου,
1482 2685 1514 2719 ὃς
1534 2686 1612 2716 ποτὶ
1629 2686 1744 2728 πέτρῃ,

920 2733 960 2772 τῇ
979 2731 1225 2772 προσομιλήσῃ,
1247 2733 1332 2766 τοῖος
1354 2731 1428 2762 ἰδεῖν
1452 2732 1562 2773 ἐφάνη.

837 2778 890 2810 νῦν
912 2781 967 2820 μὲν
988 2779 1057 2819 τῇδ’
1078 2779 1209 2820 ἐφέπου,
1234 2781 1306 2809 τοτὲ
1329 2778 1354 2809 δ’
1378 2779 1490 2815 ἀλλοῖς
1507 2781 1592 2822 χρόα
1611 2781 1712 2822 γίνου.

922 2826 1063 2867 κρέσσων
1082 2837 1132 2856 τοι
1153 2826 1250 2867 σοφίη
1268 2826 1390 2867 γίνεται
1408 2827 1574 2870 ἀτροπίης.

355 2872 647 2915 Fragmentorum
664 2873 757 2906 Ionis
778 2874 910 2906 textum
928 2874 1006 2906 vide
1025 2874 1063 2906 in
1075 2873 1289 2916 Appendice.
