2125 3534
391 602 768 714 EXGURSUS
812 606 908 676 AD
956 606 1184 678 CAPUT
1230 608 1512 678 PRIMUM

559 989 675 1042 QUO
711 990 870 1034 ANNO
904 991 1091 1037 NATUS
1124 991 1209 1035 SIT
1238 992 1336 1036 ION

242 1173 330 1211 Non
351 1173 619 1212 consentiunt
639 1173 748 1212 docti
770 1174 845 1212 viri
867 1186 948 1224 quo
964 1187 1072 1212 anno
1089 1178 1211 1213 natus
1231 1176 1285 1213 sit
1306 1176 1375 1213 Ion
1401 1176 1426 1213 ¹.
1447 1175 1635 1225 Plerique
1656 1174 1709 1212 ad

190 1237 346 1276 nodum
367 1237 668 1277 exsolvendum
691 1238 898 1277 Plutarchi
918 1239 1006 1278 loco
1028 1243 1201 1278 utuntur
1222 1239 1416 1291 (Cimonis
1443 1240 1538 1285 vila,
1566 1239 1648 1290 IX),
1669 1239 1710 1277 in

127 1337 131 1341 .
191 1314 273 1353 quo
304 1306 498 1341 narratur
532 1303 671 1342 Ionem
704 1304 887 1342 Athenas
908 1305 1070 1342 venisse
1101 1317 1194 1342 cuin
1225 1308 1335 1343 esset
1362 1305 1559 1339 παντάπασι
1589 1303 1711 1354 μειρά-

189 1381 280 1414 κιον,
298 1370 339 1406 et
358 1367 469 1418 apud
491 1368 816 1407 Laomedontem
835 1369 1023 1407 convivio
1043 1369 1241 1414 adfuisse,
1259 1369 1322 1407 cui
1343 1373 1383 1407 et
1400 1369 1512 1407 Cimo
1528 1368 1708 1406 adesset.

191 1433 304 1471 Inter
332 1432 477 1483 epulas
506 1433 619 1472 Cimo
650 1437 792 1472 narrat
820 1434 932 1484 quod
966 1437 1220 1483 strategema
1252 1434 1491 1472 adhibuerit
1521 1436 1565 1471 ut
1591 1433 1711 1471 Athe-

191 1497 358 1536 nienses
376 1497 527 1547 praedae
548 1510 598 1536 ex
619 1499 824 1545 hostibus,
843 1502 937 1549 post
956 1499 1061 1537 Sesti
1080 1503 1120 1538 et
1140 1500 1322 1550 Byzantii
1341 1498 1710 1549 oppugnationem,

191 1562 309 1601 sactae
331 1562 546 1601 meliorem
568 1566 729 1612 partem
751 1563 987 1613 acciperent
1007 1565 1034 1601 2'.

244 1627 301 1665 Ex
335 1627 543 1666 Plutarchi
585 1628 674 1666 loco
709 1628 954 1679 intelligitur
996 1630 1136 1667 Ionem
1172 1632 1256 1667 tum
1291 1629 1609 1679 quatuordecim
1649 1627 1713 1666 vel

193 1691 432 1743 quindecim
454 1705 586 1731 annos
614 1693 741 1732 fuisse
769 1697 929 1739 natum,
959 1706 1052 1731 cum
1080 1694 1261 1744 primum
1289 1694 1473 1732 Athenas
1507 1693 1631 1732 venit.
1665 1694 1715 1731 At

193 1757 325 1797 multo
359 1757 569 1797 difficilius
605 1762 668 1797 est
699 1771 780 1808 quo
815 1771 923 1797 anno
957 1760 1139 1797 Athenas
1169 1759 1329 1797 venerit
1361 1762 1558 1797 statuere.
1594 1758 1717 1796 Venit

193 1823 377 1862 Athenas
394 1828 483 1875 post
512 1822 618 1862 Sesti
644 1828 679 1862 et
708 1823 897 1876 Byzantii
924 1824 1273 1875 erpuqnationern.
1304 1823 1402 1869 Quae
1425 1834 1520 1861 vero
1548 1821 1618 1859 illa
1637 1824 1714 1866 est,

195 1887 246 1926 de
261 1900 346 1938 qua
364 1888 611 1927 Plutarchus
633 1888 832 1938 loquitur,
855 1889 958 1927 Sesti
988 1891 1028 1926 et
1048 1888 1230 1939 Byzantii
1262 1886 1544 1938 expugnatio?
1564 1887 1716 1924 Rerum

195 1952 306 1991 enim
337 1953 561 2002 scriptores
594 1965 719 1991 unam
756 1956 914 1991 tantum
948 1952 1052 1991 Sesti
1079 1953 1434 2003 oppugnationem
1468 1952 1715 1994 memorant,

195 2028 287 2056 eam
314 2017 472 2056 scilicet
491 2030 583 2068 quae
605 2030 713 2056 anno
743 2018 832 2064 478,
857 2020 951 2067 post
977 2017 1251 2068 Mycalensem
1283 2029 1465 2067 pugnam
1496 2015 1645 2054 evenit.
1669 2015 1720 2052 At

196 2094 280 2120 non
301 2083 429 2128 Cimo,
453 2083 526 2121 sed
546 2083 812 2132 Xanthippus
832 2083 1156 2121 Atheniensibus
1177 2082 1384 2132 sociisque
1416 2084 1502 2118 tum
1524 2082 1716 2129 praeerat,

196 2147 307 2186 unde
323 2148 500 2186 efficitur
515 2148 782 2186 Plutarchum
800 2160 881 2185 non
898 2147 1082 2197 potuisse
1099 2147 1451 2197 expugnationem
1467 2144 1579 2182 illam
1596 2144 1719 2194 signi-

197 2210 322 2251 ficare
351 2212 471 2259 velle,
494 2213 552 2251 ita
572 2216 618 2251 ut
646 2213 814 2251 omnino
847 2213 1038 2251 videatur
1068 2212 1137 2250 illa
1167 2212 1287 2249 nobis
1316 2211 1441 2249 etiam
1471 2208 1721 2260 negligenda

198 2288 303 2317 esse.
323 2301 374 2305 —
399 2277 516 2324 Quod
549 2290 646 2316 vero
680 2278 830 2316 attinet
861 2278 913 2315 ad
945 2276 1134 2329 Byzantii
1161 2276 1530 2327 expugnationem,
1566 2275 1720 2313 scimus

199 2342 402 2393 oppidum
419 2343 483 2382 bis
504 2346 671 2394 captum
697 2355 786 2382 esse
810 2354 817 2380 :
842 2343 882 2380 1⁰
903 2354 1011 2381 anno
1032 2343 1122 2387 476,
1143 2342 1183 2379 in
1205 2354 1289 2391 qua
1309 2340 1574 2391 expeditione
1600 2339 1722 2377 Athe-

241 2467 270 2497 1.
287 2464 493 2506 Bernhardy
507 2465 674 2505 (Grundr.
693 2465 726 2496 d.
744 2475 795 2504 qr.
815 2465 947 2502 Limen,
970 2465 1007 2503 ll,
1026 2466 1054 2501 2,
1075 2474 1107 2505 p.
1127 2464 1176 2504 52)
1197 2464 1361 2505 opinatur
1380 2463 1498 2494 Ionem
1515 2463 1631 2493 ortum
1648 2470 1724 2493 esse

201 2512 303 2545 initio
323 2513 373 2545 Ol.
395 2513 432 2544 70
459 2513 638 2553 (wo-499),
659 2511 870 2553 Nieberding
890 2513 950 2551 (De
972 2512 1064 2542 Ionis
1088 2511 1168 2547 vita,
1196 2513 1274 2547 etc„
1290 2521 1322 2551 p.
1348 2511 1361 2540 1
1385 2510 1488 2549 sqq.),
1513 2508 1647 2549 Koepke
1659 2509 1726 2547 (De

201 2560 294 2591 Ionis
316 2561 388 2592 vita
407 2563 441 2592 et
460 2560 676 2601 frammenti&
694 2570 725 2601 p.
750 2561 793 2599 4),
813 2562 846 2591 et
868 2560 901 2591 C.
927 2559 1072 2590 Mueller
1089 2559 1244 2598 (Fi-aym.
1271 2558 1397 2589 Histor.
1423 2566 1533 2596 ‚qt-aec„
1556 2557 1597 2593 Il,
1619 2565 1650 2597 p.
1674 2557 1724 2593 44,

202 2607 319 2649 Didot)
339 2609 465 2649 putant
484 2616 563 2639 euni
584 2609 703 2638 natum
722 2616 796 2637 ess(=
817 2607 953 2647 Olymp.
979 2608 1015 2637 74
1037 2607 1218 2644 (484-480);
1239 2606 1418 2636 Rummlcr
1432 2605 1497 2642 (De
1514 2603 1676 2634 Fontibus
1693 2605 1725 2633 et

202 2655 421 2686 Auctoritate
431 2654 611 2686 Plutarchi
631 2654 748 2685 invita
766 2654 942 2693 Cimonis),
957 2654 1094 2694 Olynip.
1110 2655 1146 2684 73
1159 2654 1342 2693 (488484),
1364 2651 1527 2683 Welcker
1539 2651 1617 2689 (Die
1630 2650 1725 2686 Gric-

203 2701 361 2733 chischen
387 2702 594 2742 Traqoedien,
620 2711 652 2742 p.
669 2702 727 2731 937
751 2701 1003 2742 sqq.),Oly1np.
1020 2701 1068 2737 72,
1084 2702 1100 2731 4
1120 2700 1222 2739 (488);
1238 2699 1351 2740 Bergk
1367 2698 1514 2739 (Gr-iecit.
1535 2698 1648 2733 Libeia,
1667 2696 1725 2734 III,

204 2758 237 2790 p.
260 2749 330 2790 603)
354 2757 447 2780 anno
466 2749 622 2786 483-4843
647 2747 1031 2785 Schoell(Rl1einisclzes
1051 2748 1202 2778 Museum
1224 2747 1312 2785 1877,
1330 2745 1432 2777 Ueber·
1447 2746 1505 2776 Ion
1524 2754 1586 2776 von
1606 2743 1727 2783 Chius)

204 2796 371 2837 proponit
393 2795 634 2837 Olympiadem
658 2795 689 2825 71
718 2795 890 2835 (496-492).

246 2843 276 2873 2.
302 2842 476 2875 Plutarchi
500 2843 614 2874 locuni
638 2841 727 2879 vide,
750 2852 781 2883 p.
805 2843 859 2873 110
882 2842 984 2881 hujus
1008 2841 1128 2878 libelli,
1148 2843 1177 2871 4.
