2125 3534
765 295 994 335 -Π-

117 404 424 448 austeritatem
446 404 642 450 Pericles
664 420 752 465 prae
774 419 819 448 se
848 405 962 451 tulit.
983 419 1068 463 qua
1090 405 1206 464 apud
1224 405 1522 449 Athenienses
1544 422 1639 465 pos-

117 478 188 517 tea
210 474 295 518 fuit
316 475 520 534 insignis,
542 477 617 520 ubi
639 477 835 535 primum
858 491 1083 519 summam
1107 481 1369 534 potestatem
1392 477 1436 520 in
1460 478 1638 521 civitate

117 548 296 604 captare
314 547 464 605 eoepit.
490 547 619 590 Prius
642 547 779 593 enim,
805 551 906 589 ante
934 561 1105 589 annum
1140 548 1214 590 467
1245 548 1430 594 seilicet,
1458 548 1637 591 liberio-

114 630 210 659 rem
224 616 363 659 vitam
382 617 556 674 agebat,
572 632 717 675 neque
736 616 890 675 epulas
912 631 1055 673 neque
1071 620 1241 659 ceteras
1264 618 1512 676 voluptates
1541 634 1636 676 quw

114 685 318 745 ejusdem
339 687 517 745 generis
538 691 658 735 sunt,
684 687 925 745 refugiens,
952 701 1096 744 neque
1125 702 1148 729 a
1175 692 1321 730 cetera
1354 689 1636 732 Athenarum

108 756 346 816 juventute
369 758 584 801 institutis
606 758 697 801 suis
719 758 989 800 dissentiens
1013 758 1038 799 ¹.
1064 757 1147 799 Illo
1169 763 1317 800 autem
1339 762 1536 817 tempore
1559 775 1638 818 par

113 831 208 872 erat
227 827 350 871 Ionis
371 832 413 871 et¹
442 828 628 872 Periclis
655 831 776 874 aetas,
801 843 929 886 pares
951 827 1200 886 cupidines.
1227 829 1342 881 Quid
1367 830 1531 872 mirum
1551 830 1635 887 igi-

111 901 185 942 tur
206 899 257 951 si,
282 913 386 942 cum
414 902 601 957 uterque
622 898 846 947 convivia,
871 898 1276 946 commissationes,
1302 905 1474 947 cantus,
1500 905 1636 943 (rotta-

111 969 207 1021 bos,
233 969 501 1013 Corinthum
524 974 783 1021 sectaretur,
816 970 862 1012 in
892 968 1093 1026 ejusdem
1123 971 1325 1012 mulieris
1359 972 1635 1014 familiarita-

109 1043 202 1083 tem
232 1043 363 1098 atque
397 1055 598 1084 amorem
627 1044 953 1089 convenerunt,
985 1040 1032 1082 in
1065 1040 1195 1097 cujus
1218 1041 1402 1084 domum
1429 1041 1530 1099 jure
1553 1058 1633 1086 suo

109 1109 322 1154 libidines
349 1110 649 1168 plurimorum
673 1110 793 1153 haud
823 1110 954 1154 dubie
985 1111 1329 1154 commeabant?
1351 1112 1516 1170 Neque,
1542 1113 1634 1171 opi-

107 1196 206 1234 nor,
226 1182 272 1225 in
293 1180 557 1239 hujusmodi
579 1181 710 1224 rebus
733 1182 1059 1240 rempublicam
1082 1197 1332 1225 memorare
1361 1198 1472 1241 opus
1493 1188 1574 1228 est.
1593 1188 1635 1227 et

108 1251 312 1295 civilium
343 1252 541 1310 partium
575 1252 673 1295 odia
709 1256 748 1295 et
772 1253 1056 1311 publicarum
1081 1253 1361 1295 simultatum
1391 1254 1597 1297 incendia
1622 1269 1629 1297 :

107 1322 329 1381 culpanda
346 1326 411 1366 est
435 1338 524 1366 una
540 1324 587 1366 in
608 1328 794 1381 utraque
819 1339 898 1382 par
914 1324 1182 1367 a‘mulorum
1204 1324 1520 1377 adolescentia,
1543 1325 1631 1368 cul-

106 1392 254 1452 panda
275 1393 370 1436 sola
394 1394 627 1453 Chrysillze
651 1398 875 1437 venustas.

163 1465 406 1508 Fateamur
421 1480 526 1524 ergo
541 1480 633 1508 non
655 1465 708 1508 ab
723 1466 847 1508 omni
871 1465 1218 1524 reprehensione
1235 1481 1375 1509 vacua
1399 1466 1533 1509 fuisse
1556 1467 1632 1509 illa

106 1535 229 1579 Ionis
261 1536 405 1580 aetatis
437 1536 588 1588 initia;
626 1537 847 1579 fateamur
881 1536 1038 1580 iisdem
1073 1541 1278 1580 nostrum
1312 1537 1631 1595 cupiditatibus

105 1606 364 1660 indulsisse,
390 1623 487 1666 quae
511 1612 606 1651 tum
629 1608 676 1650 in
699 1609 948 1667 plerosque,
973 1624 1029 1651 ne
1064 1609 1109 1651 in
1130 1624 1286 1651 omnes
1317 1608 1479 1659 dicam,
1505 1612 1632 1651 erant

105 1678 400 1737 pervulgatae;
437 1679 667 1722 cottabum
700 1680 859 1722 lusisse
893 1680 1080 1738 saepius;
1117 1695 1219 1723 eum
1250 1679 1629 1723 tumultuantibus

102 1749 260 1792 amicis
293 1749 597 1793 temulentum
627 1750 869 1808 aliquando
914 1751 1169 1793 resistentes
1199 1765 1406 1793 amorum
1445 1765 1629 1793 suorum

97 1820 262 1879 januas
283 1820 510 1865 obsedisse
532 1822 573 1868 ἒς
602 1821 826 1864 fateamur
847 1821 905 1863 ita
933 1825 1085 1863 tamen
1113 1836 1168 1863 ne
1203 1820 1524 1863 obliviscamur
1547 1836 1628 1863 nos

101 1891 155 1935 de
173 1892 343 1951 optimo
365 1907 414 1935 ae
436 1892 720 1935 nobilissimo
744 1891 1026 1935 adolescente
1044 1891 1267 1949 judicium
1290 1891 1451 1943 faeere,
1476 1892 1566 1949 qui,
1591 1892 1628 1933 si

101 1966 220 2007 recte
241 1963 455 2006 volumus
482 1978 552 2006 res
574 1963 865 2022 perpendere,
891 1963 1044 2005 onmia
1066 1963 1143 2005 illa
1171 1962 1514 2014 delectamenta,
1547 1977 1627 2005 vo-

99 2033 311 2093 luptates,
330 2034 553 2087 convivia,
573 2034 717 2087 ludos,
737 2033 988 2077 studiorum
1010 2034 1152 2077 amori
1167 2033 1440 2092 posthabuit,
1461 2036 1501 2075 et
1523 2047 1627 2076 eum

101 2104 150 2147 in
172 2104 332 2148 litteris
353 2120 537 2149 cursum
559 2109 822 2164 persecutus
843 2109 923 2158 est,
949 2105 995 2147 in
1017 2120 1103 2163 quo
1124 2119 1216 2147 non
1246 2107 1419 2162 poterat
1448 2119 1626 2163 sperare

103 2190 150 2219 se
171 2175 356 2234 aliquid,
380 2176 467 2219 nisi
490 2176 633 2220 multo
656 2176 821 2229 labore,
847 2191 941 2219 esse
964 2179 1330 2219 consecuturum.

141 2337 169 2367 1.
193 2335 383 2374 Plutarch„
402 2335 560 2373 Pericles,
578 2336 637 2367 VII
654 2346 660 2367 z
680 2336 766 2370 εὐθὺς
781 2335 812 2366 δὲ
834 2336 1031 2377 (postquam
1052 2335 1183 2368 scilicet
1200 2336 1407 2368 auctoritate
1429 2335 1545 2376 aliqua
1564 2344 1624 2367 va-

98 2382 170 2415 lere
186 2383 305 2424 coepit)
325 2384 380 2413 καὶ
398 2384 463 2417 τοῖς
476 2384 549 2424 περὶ
565 2385 622 2421 τὴν
637 2382 762 2413 δίαιταν
777 2383 884 2424 ἑτέραν
905 2384 991 2421 τάξιν
1006 2383 1213 2421 ἐπέθτ,κεν,...
1228 2383 1360 2421 κλήσεις
1377 2394 1410 2414 τε
1425 2382 1556 2414 δείπνων
1571 2384 1626 2413 καὶ

97 2432 156 2469 τὴν
177 2430 331 2468 τοιαύτην
358 2430 484 2461 ἅπασαν
508 2430 747 2471 φιλοφροσύνην
769 2431 823 2460 7,ιὶ
846 2430 1010 2467 συνῆβειαν
1036 2430 1191 2468 ἐξέλιπεν.

138 2479 168 2509 2.
188 2478 361 2516 Feliciter,
380 2487 456 2509 mea
477 2478 618 2518 quidem
637 2479 821 2513 sententia,
843 2478 1109 2519 Nieberding-ius
1127 2479 1185 2515 (cle
1202 2478 1293 2509 Ionis
1314 2478 1384 2510 vila
1405 2481 1437 2510 et
1462 2478 1622 2519 moribus,

98 2535 131 2567 p.
152 2526 214 2567 58),
237 2525 291 2556 his
312 2525 580 2557 Atheniensium
604 2526 877 2557 a‹1‹;›leseentiu1u
896 2526 1053 2557 moribus
1075 2526 1226 2557 illustrat
1250 2527 1340 2557 Ionis
1361 2536 1402 2557 ex
1426 2526 1622 2565 dithyram-

98 2572 186 2604 bicis
204 2573 420 2604 carminibus
441 2573 676 2615 fragmentum
696 2573 835 2616 gBergk,
854 2574 932 2614 Lyr.
953 2583 1066 2614 (freae,
1085 2573 1177 2605 lonis
1195 2574 1318 2615 fragm.
1340 2575 1383 2615 9),
1403 2574 1440 2606 in
1460 2582 1529 2615 quo
1548 2582 1623 2605 me-

98 2622 284 2653 morantur
305 2620 524 2663 βαρύγδουποι
539 2621 659 2662 ἔρωτες.
