2125 3534
45 417 298 463 abundasse,
322 418 368 455 ut
395 415 491 455 inde
513 416 686 466 coeperit
716 415 766 455 de
788 417 949 457 civibus
974 417 1079 456 bene
1110 417 1257 456 mereri
1278 416 1571 467 largitionibus

45 482 146 522 suis.
164 481 285 520 Haud
306 480 503 531 equidem
525 481 768 531 ignoramus
791 494 871 519 non
893 494 1060 532 sempor
1075 482 1392 531 diligentissimo
1417 486 1573 531 tempo-

44 559 138 587 rum
159 547 349 586 ordinem
376 546 417 583 in
445 545 572 583 rebus
601 546 822 583 narrandis
852 547 1120 585 Plutarchum
1149 547 1459 591 oliservzu'isse;
1483 546 1571 591 sod,

46 624 141 651 cum
167 612 338 651 omnino
360 610 528 649 deficiat
555 610 605 648 de
630 622 679 648 ea
707 623 750 649 re
782 610 954 649 alterius
990 612 1288 657 testimouium,
1313 623 1480 650 necesso
1513 613 1573 649 ost

46 677 98 716 iis
117 689 210 728 quae
226 676 476 715 Plutarchus
496 675 624 713 refert
644 676 827 713 contenti
847 677 993 714 simus.
1012 698 1061 703 -
1076 677 1117 713 :2⁰
1133 677 1171 713 Si
1196 688 1305 714 anno
1328 677 1402 713 476
1426 677 1528 713 itoru
1538 688 1575 713 m

47 742 192 781 Sestus
223 744 346 791 capta
375 743 452 786 est,
475 740 749 778 confirmatur
779 740 912 778 altera
941 740 1134 790 quandam
1170 741 1425 789 conjectura,
1458 739 1578 789 cujus

48 806 160 845 idem
181 805 249 845 ille
263 804 478 844 Kirchooss'
495 805 687 843 inventor
702 808 779 851 est,
797 806 982 850 omnino,
1002 809 1144 843 nostra
1162 805 1331 855 quidem
1355 804 1576 850 sententia,

48 870 276 917 laudanda,
304 881 432 921 quam
462 872 648 908 ceterum
689 873 834 908 auctor
868 870 955 919 ipso
996 870 1286 919 probabilibus
1321 868 1580 919 argumentis

48 934 194 974 fulcire
212 946 294 973 non
313 933 467 972 omisit.
498 933 598 972 Cum
617 933 824 971 curiosius
851 934 1158 983 epigrammata
1186 934 1301 971 stolis
1329 938 1422 984 post
1443 945 1582 983 repor-

49 1002 180 1039 tatam
206 998 318 1050 apud
340 998 510 1037 Eionem
542 998 760 1036 victoriam
794 998 834 1036 in
868 999 1070 1036 honorem
1090 999 1271 1037 Cimonis
1300 999 1430 1036 incisa
1460 1002 1500 1036 et
1529 997 1581 1035 ab

47 1064 240 1104 AEschine
266 1067 308 1103 et
337 1062 560 1102 Plutarcho
594 1067 761 1101 servata
784 1064 810 1109 ¹,
842 1063 904 1102 vir
937 1063 1085 1102 doctus
1117 1064 1353 1113 inspiceret,
1389 1062 1441 1101 ad
1476 1064 1582 1101 hanc

50 1129 303 1169 sententiam
319 1128 525 1167 deductus
541 1130 618 1169 est,
638 1128 847 1166 neminem
864 1128 1023 1166 scilicet
1043 1128 1218 1166 inveniri
1235 1140 1371 1178 posse,
1390 1128 1441 1165 ad
1458 1139 1583 1178 quem

51 1196 264 1234 auctorem
294 1194 434 1244 potius
455 1193 691 1231 reserantur
713 1192 783 1231 illa
812 1193 1013 1238 carmina,
1035 1205 1161 1243 quam
1187 1193 1239 1231 ad
1263 1194 1403 1231 Ionem
1426 1193 1453 1230 2.
1478 1190 1585 1237 Quid

51 1260 179 1300 vero‘?
203 1259 244 1299 Si
273 1259 417 1298 Sestus
447 1258 599 1297 iterum
622 1261 864 1309 expugnata
885 1262 947 1297 est
968 1270 1077 1296 anno
1099 1258 1286 1303 iio-too,
1312 1258 1352 1296 id
1382 1261 1446 1296 est
1475 1268 1585 1295 anno

52 1336 136 1376 quo
169 1325 296 1364 etiam
325 1327 449 1374 capta
471 1326 534 1362 est
563 1323 680 1367 Eion,
707 1334 801 1361 cum
833 1323 946 1362 stclze
978 1323 1019 1360 in
1050 1324 1251 1361 honorem
1282 1323 1464 1361 Cimonis
1497 1333 1587 1360 exs-

56 1394 201 1429 tructae
219 1401 302 1429 non
321 1388 535 1440 potuerint
561 1388 641 1426 nisi
669 1400 717 1426 eo
747 1388 835 1438 ipso
863 1400 972 1426 anno
992 1388 1108 1438 erigi,
1131 1388 1225 1426 inde
1248 1388 1436 1437 sequitur
1457 1387 1589 1426 Cimo-

57 1466 153 1495 nem
182 1455 295 1506 apud
312 1453 588 1493 Athenienses
613 1452 701 1503 jam
722 1453 971 1491 auctoritate
999 1456 1214 1502 potentem
1244 1453 1394 1494 virum,
1417 1451 1589 1490 advenae

57 1523 100 1559 et
126 1518 439 1558 adolescentulo
469 1518 538 1556 vix
569 1517 810 1567 quindecim
838 1530 971 1556 annos
1000 1521 1112 1562 nato,
1135 1530 1258 1567 quem
1279 1518 1461 1567 primum
1483 1517 1591 1554 inter

58 1584 204 1635 epulas
224 1596 308 1623 non
328 1587 426 1623 ante
455 1583 684 1633 cognitum,
708 1582 892 1627 videbat,
917 1582 1059 1633 gloriae
1088 1594 1172 1620 suze
1202 1582 1460 1631 provinciam
1483 1592 1592 1619 com-

58 1649 224 1688 mittere
244 1660 328 1687 non
349 1648 579 1687 dubitasse.
598 1647 716 1694 Quod
738 1648 824 1686 fieri
845 1661 927 1685 non
947 1647 1133 1697 potuisse
1157 1647 1251 1697 quis
1273 1650 1336 1686 est
1353 1647 1454 1697 quin
1475 1644 1594 1683 intel-

56 1714 187 1766 ligat?
222 1713 263 1752 Si
293 1713 420 1765 igitur
445 1714 533 1760 Ion,
576 1716 621 1752 ut
653 1713 743 1752 vult
774 1713 1002 1758 Kirchhoff,
1050 1712 1285 1751 carminum
1319 1713 1464 1749 auctor
1500 1709 1591 1755 fuit,

58 1789 228 1818 necesse
250 1782 314 1818 est
340 1779 449 1818 inter
469 1780 612 1817 Ionem
647 1781 688 1816 et
706 1779 919 1817 Cimonem
952 1778 1183 1828 longiorem
1217 1780 1259 1815 et
1289 1775 1595 1813 diuturniorem

58 1843 358 1883 familiaritatis
380 1847 421 1892 et
441 1843 760 1883 consuetudinis
793 1855 912 1882 usum
944 1843 1170 1887 exstitisse,
1207 1845 1248 1880 et
1279 1841 1531 1885 convivium,
1555 1839 1596 1876 in

61 1921 145 1960 quo
166 1909 238 1948 Ion
259 1920 355 1948 cum
382 1909 551 1948 Cimone
580 1909 763 1959 primum
785 1912 977 1947 versatus
999 1911 1076 1953 est,
1101 1910 1197 1946 ante
1225 1917 1383 1945 annum
1409 1905 1486 1943 470
1508 1915 1598 1943 eve-

68 1974 194 2014 nisse.

116 2040 175 2078 Ex
194 2039 260 2079 his
289 2039 485 2079 omnibus
517 2039 644 2079 rebus
673 2050 779 2089 quas
809 2038 1082 2089 exposuimus
1110 2036 1247 2087 colligi
1280 2038 1419 2086 potest
1451 2033 1597 2085 epulas

66 2101 175 2150 illas,
192 2103 243 2143 de
261 2104 416 2155 quibus
434 2104 621 2155 loquitur
639 2104 902 2149 Plutarchus,
923 2116 947 2142 a
968 2103 1250 2141 Laomedonte
1271 2102 1358 2140 Ioni
1381 2104 1422 2140 et
1442 2099 1600 2140 Cimoni

69 2180 206 2219 neque
224 2172 321 2208 ante
340 2181 498 2208 annum
518 2170 609 2215 476,
635 2181 769 2219 neque
793 2173 888 2219 post
908 2180 1065 2206 annum
1086 2168 1162 2205 470
1180 2166 1396 2217 appositas
1418 2177 1523 2204 esse.

120 2235 173 2273 At
192 2233 275 2273 alia
290 2237 389 2273 sunt
405 2237 656 2285 argumenta
669 2234 824 2284 quihus
839 2233 1112 2272 confirmatur
1133 2232 1260 2282 hujus
1276 2231 1486 2281 opinionis
1507 2241 1605 2281 pars

74 2298 208 2338 altera
229 2310 237 2336 :
258 2299 367 2338 inter
398 2311 490 2349 quse
525 2312 607 2337 non
640 2299 729 2338 leve
758 2298 923 2349 pondus
956 2298 1111 2336 habere
1144 2297 1247 2335 mihi
1279 2296 1446 2335 videtur
1467 2296 1605 2346 ipsum

74 2375 217 2402 rerum
237 2375 370 2414 genus
390 2364 432 2402 in
453 2364 609 2415 quibus
635 2364 791 2402 versati
818 2366 916 2402 sunt
937 2374 1152 2401 sermones
1185 2362 1292 2400 inter
1320 2361 1517 2400 convivas
1536 2361 1608 2399 ha·

77 2427 167 2467 biti.
189 2428 247 2467 Ex
267 2429 333 2468 his
351 2429 462 2468 enim
489 2428 757 2468 sermonibus
781 2428 1052 2466 manifestum
1074 2430 1137 2466 est
1161 2425 1481 2465 Themistoclem
1508 2437 1610 2464 non—

78 2493 179 2532 dum
199 2494 383 2533 Athenas
404 2494 625 2545 reliquisse
655 2497 699 2532 ut
726 2494 766 2531 in
795 2493 988 2532 exsilium
1016 2491 1351 2543 proficisceretur
1372 2492 1400 2529 3.
1424 2491 1536 2529 lnter
1566 2502 1609 2528 se

77 2568 230 2608 nempe
248 2558 522 2598 conferuntur
543 2562 584 2598 et
604 2561 875 2609 opponuntur
893 2558 944 2596 ab
963 2557 1232 2608 epulantibus
1253 2556 1434 2595 Cimonis
1453 2559 1493 2594 et
1511 2555 1612 2594 The-

80 2622 284 2662 mistoclis
304 2623 501 2670 virtutes;
525 2624 566 2662 in
594 2625 762 2663 Cimone
790 2624 1018 2663 laudantur
1046 2635 1211 2661 morum
1238 2622 1429 2668 comitas,
1458 2620 1615 2672 ingenii

81 2688 339 2736 humanitas,
361 2690 655 2741 vituperantur
681 2693 828 2729 contra
852 2690 894 2728 in
915 2688 1190 2728 Themistocle
1211 2688 1452 2739 arrogantia
1469 2690 1509 2726 et
1526 2698 1615 2725 om-

126 2818 155 2851 1.
178 2818 371 2858 AEschines‚
385 2819 424 2851 Ιη
446 2819 608 2862 ctesiph„
629 2821 685 2859 6ος
705 2820 748 2852 cf.
766 2818 1002 2858 Plutarchum,
1023 2818 1152 2858 Cimon,
1170 2818 1240 2851 vn.

128 2867 159 2898 2.
179 2866 371 2906 Kirchhoff,
386 2867 535 2906 Hermes,
556 2868 582 2899 V
599 2868 716 2908 (1871),
741 2878 772 2909 p.
788 2867 826 2899 48
842 2875 917 2908 sqq.

133 2914 162 2944 3.
181 2913 220 2946 In
236 2915 399 2947 exsilium
413 2915 665 2947 Themistocles
680 2916 857 2957 profectus
878 2915 930 2946 est
948 2923 1040 2946 anno
1060 2914 1129 2945 470.
