2125 3534
457 407 553 437 esse
571 392 722 451 aliqua
741 406 812 434 ars
834 390 1012 435 dicendi
1035 395 1078 435 et
1100 390 1306 434 nondum
1325 393 1531 450 paterent
1549 389 1616 432 illi
1639 389 1888 433 siculorum
1915 392 1993 432 aut

455 464 647 508 aliorum
668 462 991 520 magistrorum
1012 462 1122 515 ludi,
1146 463 1193 505 in
1213 462 1375 520 quihus
1398 464 1554 520 postea
1576 460 1847 518 eloquentiae
1866 474 1993 503 arma

453 538 645 579 tractare
682 533 986 576 Athenienses
1030 533 1299 576 didicerunt.
1336 533 1396 575 At
1423 532 1459 574 si
1494 531 1594 589 quis
1634 530 1878 574 oratoriam
1898 531 1993 573 vim

454 606 633 650 volebat
656 609 752 647 tum
770 603 972 662 adipisci,
996 619 1088 648 una
1107 604 1162 647 ad
1185 603 1229 646 id
1254 604 1327 647 via
1349 604 1388 646 ei
1412 606 1520 655 erat,
1546 617 1711 661 nempe
1734 602 1769 645 si
1791 602 1838 644 in
1860 601 1992 645 rebus

455 677 563 736 ipsis
593 675 801 735 gerendis
829 679 1084 719 versaretur
1110 679 1243 733 atque
1283 689 1486 717 summos
1524 673 1573 716 in
1606 673 1838 732 republica
1872 673 1993 716 viros

456 749 656 793 dicentes
679 746 852 790 audiret
873 750 1007 805 atque
1030 746 1288 789 imitaretur
1312 760 1320 788 :
1351 746 1398 788 in
1421 760 1508 803 quo
1530 745 1713 803 quidem
1733 744 1806 787 vel
1826 744 1994 787 studio-

455 820 621 863 sissimi
648 833 831 878 operam
866 819 1032 861 frustra
1059 818 1470 876 consumpsissent,
1493 832 1599 860 cum
1636 816 1750 859 illud
1783 816 1995 874 eloquen-

456 892 527 935 tiae
550 906 692 949 genus
715 890 1031 933 excellentiam
1064 893 1238 932 natura}
1272 889 1473 947 requirat
1506 903 1594 946 qua
1615 888 1895 948 paucissimi,
1920 886 1994 931 vel

455 961 574 1021 apud
594 961 788 1010 Graecos,
810 961 1116 1003 eminuerunt.

513 1032 631 1085 Quid
658 1034 792 1075 vero?
813 1034 862 1074 ut
889 1031 1159 1084 oratoribus,
1185 1031 1246 1073 ita
1271 1034 1313 1073 et
1340 1030 1482 1089 poetis
1511 1045 1593 1073 sua
1619 1030 1861 1074 auctoritas
1883 1032 1991 1083 erat,
2046 1075 2050 1080 ,

455 1119 595 1161 eaque
623 1118 816 1155 summa,
847 1102 982 1145 modo
1010 1117 1103 1144 non
1129 1102 1247 1144 intra
1270 1102 1476 1161 parieteS,
1507 1105 1558 1144 ut
1586 1101 1648 1144 ita
1675 1101 1837 1154 dicam,
1862 1104 1994 1159 atque

454 1175 502 1217 in
529 1175 706 1218 delectu
733 1188 982 1233 paucorum
1011 1173 1266 1216 amicorum
1296 1176 1415 1216 coetu
1438 1173 1675 1230 ingenium
1703 1188 1836 1216 suum
1867 1187 1994 1216 exer-

454 1249 622 1299 cerent,
648 1245 724 1289 sed
751 1245 984 1304 prodirent
1008 1245 1055 1287 in
1084 1245 1232 1288 lucem
1260 1248 1318 1296 et,
1349 1248 1581 1303 spectante
1608 1248 1771 1288 cuncta
1796 1245 1992 1297 civitate,

454 1319 502 1361 in
524 1332 659 1361 scena
680 1317 787 1375 quid
809 1316 861 1359 de
889 1317 1082 1375 publicis
1104 1316 1236 1359 rebus
1255 1316 1340 1374 ipsi
1363 1316 1585 1359 sentirent
1605 1316 1686 1359 sub
1708 1315 1869 1359 vividis
1893 1330 1996 1375 per-

456 1403 671 1432 sonarum
700 1388 975 1446 imaginibus
1004 1391 1335 1446 expromerent.
1368 1387 1499 1439 Quod
1522 1386 1596 1444 jus
1625 1402 1718 1430 non
1742 1387 1997 1430 Athenien-

455 1460 575 1502 sium
608 1458 742 1502 modo
776 1462 1014 1517 poetarum
1048 1458 1185 1501 fuisse
1219 1461 1418 1509 constat,
1458 1458 1534 1500 sed
1578 1459 1830 1517 peregrinis
1863 1459 1999 1501 etiam

456 1530 577 1573 haud
620 1531 759 1573 semel
799 1530 1028 1588 obtigisse.
1065 1530 1135 1572 Ad
1177 1531 1293 1573 hanc
1341 1529 1661 1573 lal)et'acien‹2lae
1706 1530 1999 1573 adversarum

456 1602 652 1661 partium
673 1601 906 1660 potestatis
927 1602 1151 1646 rationem
1174 1601 1433 1659 confugisse
1455 1601 1538 1644 Ion
1559 1600 1750 1645 videtur.

500 1844 520 1899 ξ
554 1845 593 1886 2.
629 1869 685 1874 —
716 1845 778 1885 De
804 1843 988 1886 scenicis
1009 1842 1157 1902 poetis
1190 1843 1270 1901 qui
1300 1844 1379 1885 ..s-ab
1417 1841 1646 1901 Omphala?
1683 1851 1725 1885 et
1756 1841 1961 1886 Herculis

644 1914 824 1957 nomine
856 1914 1090 1973 Aspasz'am
1123 1922 1164 1956 et
1196 1913 1410 1957 Periclem
1434 1913 1660 1972 persecuti
1689 1921 1807 1956 sunt.

519 2085 790 2130 Plutarchus
820 2087 865 2129 in
891 2086 1060 2130 Pericle
1082 2086 1191 2130 dum
1219 2102 1270 2130 ea
1297 2090 1628 2130 commemorat
1648 2101 1746 2145 quaa
1768 2086 1823 2130 ad
1851 2086 1998 2145 Aspa-

462 2156 576 2199 siam
604 2157 811 2206 attinent,
851 2162 1005 2201 narrat
1033 2173 1133 2201 eam
1165 2158 1415 2201 multorum
1449 2158 1729 2201 comicorum
1763 2162 2001 2217 poetarum

462 2228 679 2271 conviciis
711 2229 953 2272 obnoxiam
984 2230 1124 2273 fuisse
1151 2230 1244 2288 qui,
1277 2230 1395 2272 inter
1422 2229 1547 2272 varia
1577 2230 1866 2288 cognomina,
1896 2244 2001 2273 mu-

463 2298 586 2341 lieris
621 2300 953 2358 impudicitiam
986 2304 1137 2359 aperte
1172 2301 1475 2353 criminantia,
1511 2300 1698 2343 alteram
1735 2300 2002 2359 Omplzalam

465 2368 627 2427 saepius
649 2384 749 2412 eam
771 2385 932 2414 vocare
954 2375 1287 2415 consueverant
1306 2373 1334 2415 2.
1361 2371 1448 2424 Qui
1469 2371 1639 2415 fuerint
1659 2372 1705 2426 ii,
1730 2371 2002 2416 Plutarchus

507 2570 535 2600 1.
557 2568 790 2610 Πρεσὸευτικός
815 2569 873 2601 ille
900 2569 1011 2611 (λόγος
1036 2571 1181 2611 scilicet)
1201 2571 1263 2611 qui
1288 2572 1410 2603 nostro
1437 2571 1479 2603 ab
1500 2571 1748 2613 Aristophanis
1774 2572 1927 2613 quodam
1945 2572 2003 2605 in-

465 2618 618 2658 terprete
639 2616 839 2658 adscriptus
863 2619 926 2656 est,
955 2619 1096 2659 spurius
1115 2620 1188 2659 Jam
1214 2619 1256 2650 ab
1283 2619 1370 2660 ipsis
1390 2620 1545 2660 antiquis
1569 2620 1772 2652 auctoribus
1794 2620 2002 2653 habebatur.

464 2664 711 2705 Aristophanis
729 2665 829 2696 Pacis
849 2666 958 2697 schol.
979 2666 1021 2697 ad
1041 2676 1072 2697 v.
1096 2667 1153 2697 835
1177 2677 1183 2697 :
1203 2666 1361 2708 ἔγραψε...
1380 2668 1435 2697 καὶ
1451 2667 1681 2708 κατολογάδην
1700 2668 1754 2698 τὸν
1770 2668 2006 2709 πρεσὸευτικὸν

463 2712 651 2754 λεγόμενον,
679 2712 713 2742 ὃν
738 2712 829 2743 νόθου
860 2712 981 2751 ἀξιοῦσι
1008 2711 1088 2744 εἷναί
1114 2724 1195 2748 τινες
1210 2715 1265 2744 καὶ
1280 2713 1356 2756 οὐχὶ
1384 2713 1494 2745 αὐτοῦ.
1517 2714 1564 2746 Cf.
1589 2715 1663 2746 Car.
1686 2715 1844 2754 Mueller,
1865 2717 2005 2757 Fraqm.

465 2760 627 2792 Historic.
651 2770 750 2800 ,qroea
770 2761 811 2798 II,
829 2771 861 2802 p.
882 2763 932 2792 44.

505 2809 535 2838 2.
555 2807 741 2845 Plutarch.,
756 2808 892 2847 Pericl.‚
910 2808 1013 2841 XXIV
1031 2818 1038 2839 z
1061 2807 1091 2839 ἐν
1113 2808 1145 2839 δὲ
1166 2810 1234 2844 ταῖς
1252 2808 1433 2850 κωμῳδίαις
1449 2808 1604 2851 Ὀμφάλη
1623 2820 1657 2840 τε
1678 2810 1744 2847 νέα,
1761 2811 1817 2841 καὶ
1834 2810 2006 2852 Δηϊάνειρα

466 2856 521 2885 καὶ
543 2855 643 2885 πάλιν
668 2855 750 2896 Ἥρα
774 2856 1050 2898 προσαγορεύεται
1071 2855 1269 2898 (Ἀσπασία).
1298 2858 1448 2899 Κράτινος
1470 2856 1494 2887 δ’
1518 2857 1666 2899 ἄντικρυς
1687 2857 1868 2897 παλλακὴν
1899 2857 2001 2897 αὐτὴν

468 2902 591 2945 εἴρηκεν
611 2914 642 2934 κ.
661 2914 689 2934 τ.
712 2902 744 2935 λ.
