2125 3534
1006 265 1235 306 -84—

359 384 480 427 tione
514 379 689 423 eximiis
721 377 963 420 virtutibus
994 376 1082 420 frui
1116 375 1349 419 dicebatur
1377 373 1602 417 ternarius
1644 385 1884 424 numerus;

358 455 582 516 perfectus
606 450 727 493 enim
749 448 1010 501 habebatur,
1035 447 1155 506 quod
1185 447 1231 489 in
1253 446 1429 488 infinita
1458 443 1702 502 imparium
1729 456 1891 484 nume-

358 539 512 570 rorum
542 522 654 566 serie
683 520 854 579 primus
884 521 1154 571 occurreret,
1178 531 1324 575 neque
1353 516 1400 558 in
1429 515 1516 558 alio
1547 514 1608 557 ita
1637 517 1757 557 arcte
1778 528 1888 557 con-

354 597 513 656 juncta
536 592 848 636 invenirentur
868 589 1158 648 principium,
1185 587 1385 631 medium
1407 590 1450 629 et
1466 585 1568 628 finis
1590 587 1618 627 ¹.
1643 584 1763 628 Num
1783 599 1888 628 vero

360 671 513 711 noster
536 665 583 707 in
609 663 815 706 abstrusa
836 664 880 703 et
902 659 1132 704 recondita
1156 657 1490 702 mathematica}
1509 656 1707 700 scientiae
1729 671 1893 699 arcana

361 740 456 798 ipse
481 736 660 795 penitus
684 731 967 776 descenderit
993 731 1187 775 dubitari
1210 734 1368 789 potest,
1393 728 1513 787 quod
1534 743 1590 772 ne
1614 742 1771 771 omnes
1793 728 1894 786 qui—

363 810 464 853 dem
500 810 729 850 tentavere
769 803 844 862 qui
890 818 935 846 se
973 803 1281 862 Pythagoreos
1312 799 1501 859 professi
1540 802 1659 853 sunt,
1696 799 1895 843 contenti

362 894 478 939 saepe
513 881 745 921 externam
787 890 939 918 rerum
973 874 1171 933 speciem
1221 873 1274 916 ad
1318 885 1617 915 numerorum
1671 870 1892 913 rationem

361 950 546 995 arbitrio
573 963 653 991 suo
682 946 896 990 reducere
916 947 945 988 2.
969 946 1184 988 Attamen
1214 958 1307 987 non
1330 942 1526 995 credam,
1550 945 1600 984 ut
1621 940 1891 999 quibusdam

362 1019 531 1080 placuit
552 1020 580 1070 3,
607 1032 710 1060 cum
733 1031 779 1059 se
800 1019 977 1059 tantum
999 1014 1294 1058 oblectavisse
1316 1013 1363 1055 in
1384 1011 1640 1071 digerendis
1662 1012 1810 1065 rebus,
1843 1011 1895 1055 de

364 1090 527 1149 quibus
576 1088 861 1146 loquebatur,
903 1085 1156 1129 secundum
1189 1085 1439 1128 ternarium
1480 1083 1702 1136 ordinem,
1744 1083 1805 1126 ita
1847 1089 1898 1127 ut

363 1160 561 1205 ludentis
579 1159 728 1218 potius
747 1172 883 1216 quam
901 1157 1039 1200 serias
1067 1171 1137 1199 res
1158 1155 1392 1199 tractantis
1415 1154 1612 1213 speciem
1633 1169 1745 1213 opus
1767 1169 1899 1213 praes-

364 1235 491 1276 taret.
518 1229 648 1283 Quod
675 1230 711 1271 si
741 1229 802 1271 ita
829 1228 1004 1280 fuisset,
1034 1242 1127 1270 non
1153 1225 1283 1284 juxta
1315 1229 1488 1268 veteres
1520 1225 1814 1285 philosophos
1844 1225 1898 1269 ab

366 1305 561 1349 Isocrate
583 1301 843 1345 laudaretur
862 1300 892 1352 4,
916 1314 1061 1357 neque
1082 1297 1338 1357 gravissimi
1360 1300 1581 1349 auctores,
1604 1295 1900 1355 philosophiae

367 1390 522 1435 graecae
555 1372 745 1423 lumina,
783 1371 910 1413 Plato
940 1373 982 1413 et
1010 1369 1291 1422 Aristoteles,
1328 1367 1382 1411 de
1412 1367 1508 1425 ejus
1536 1367 1827 1426 opinionibus
1852 1366 1900 1408 in

370 1443 579 1504 operibus
608 1442 699 1485 suis
719 1441 1023 1500 disputassent
1042 1442 1071 1483 5.

428 1514 637 1558 Ceterum
656 1528 712 1555 ne
728 1512 874 1571 prima
895 1512 1042 1570 operis
1063 1511 1210 1554 fronte
1233 1510 1515 1569 decipiamur
1535 1525 1649 1553 neve
1665 1525 1719 1553 ex
1740 1509 1904 1568 Pytha-

371 1585 537 1646 goricis
569 1584 747 1642 scriptis
777 1586 918 1626 totam
949 1582 1237 1641 disciplinam
1271 1596 1400 1624 suam
1432 1581 1723 1640 descripsisse
1747 1580 1905 1624 Ionem

371 1657 655 1708 arbitremur,
687 1657 875 1697 monent
900 1654 1001 1713 ipsi,
1033 1669 1144 1712 quos
1172 1653 1527 1704 nominavimus,
1553 1656 1758 1696 auctores
1787 1652 1904 1695 anti-

369 1728 459 1786 qui.
494 1727 550 1772 Ut
586 1742 640 1769 ex
671 1726 928 1769 Aristotelis
967 1726 1066 1769 loco
1100 1728 1299 1784 apparet,
1325 1725 1444 1767 inter
1476 1739 1551 1767 eos
1581 1724 1908 1768 numerabatur

368 1799 459 1858 qui,
481 1801 529 1842 ut
549 1812 699 1841 rerum
721 1797 1062 1855 generationem
1085 1795 1362 1854 expedirent,
1385 1795 1539 1838 omnia
1560 1795 1789 1854 fingebant
1809 1798 1906 1838 orta

369 1885 464 1914 esse
498 1884 551 1913 ex
590 1868 722 1912 certis
756 1867 1026 1926 quibusdam
1061 1867 1297 1910 elementis
1330 1881 1427 1924 quae
1461 1866 1668 1910 sensibus
1702 1866 1906 1925 percipe-

370 1945 540 1985 rentur.
564 1940 666 1983 Tria
688 1942 833 1992 erant,
857 1942 1039 1982 auctore
1063 1938 1188 1991 Ione,
1215 1938 1391 1981 semina
1412 1952 1466 1981 ex
1486 1937 1650 1996 quibus
1672 1952 1751 1996 per
1773 1937 1909 1980 inane

370 2026 591 2071 magnum
622 2010 789 2054 coactis
817 2009 955 2068 hujus
984 2009 1146 2052 mundi
1175 2009 1294 2052 orbis
1316 2009 1619 2052 concrevisset
1643 2022 1650 2051 :
1676 2008 1792 2067 iqnis
1819 2008 1907 2052 sci—

372 2084 491 2136 licet,
523 2090 640 2125 terra
666 2085 798 2139 atque
831 2096 906 2124 aer
934 2083 962 2124 ὃ.
997 2080 1124 2126 Unde
1150 2080 1446 2123 manifestum
1477 2079 1526 2122 fit
1553 2079 1710 2123 Ionem
1742 2079 1909 2138 Empe-

376 2155 531 2207 doclis,
556 2154 632 2212 qui
654 2153 810 2196 eadem
831 2156 959 2196 aetate
979 2152 1173 2205 vivebat,
1199 2151 1451 2195 doctrinam
1475 2166 1579 2195 cum
1598 2151 1909 2210 Pythagoricis

377 2226 553 2286 placitis
575 2224 923 2268 consociavisse.

436 2297 533 2350 Quo
566 2300 717 2340 autem
746 2298 876 2354 pacto
906 2296 1025 2338 inter
1063 2310 1109 2338 se
1147 2295 1448 2339 miscerentur
1478 2294 1563 2338 tria
1595 2294 1674 2338 illa
1703 2294 1910 2338 omnium

377 2383 529 2413 rerum
551 2367 747 2421 exordia,
765 2367 881 2411 nihil
903 2366 956 2410 de
975 2382 1025 2410 ea
1047 2382 1093 2410 rc
1116 2370 1289 2411 certum
1311 2367 1416 2410 satis
1438 2366 1568 2410 nobis
1588 2366 1806 2410 traditum
1827 2370 1907 2421 est,

420 2555 445 2584 1.
462 2552 678 2591 Aristotcles,
695 2552 736 2583 de
751 2551 851 2589 Coelo,
868 2551 892 2590 I,
911 2553 936 2582 l.
953 2552 1022 2588 268,
1043 2561 1072 2589 a,
1090 2552 1137 2582 10.
1154 2550 1238 2583 Vide
1255 2550 1374 2588 Zeller,
1390 2558 1495 2591 opere
1515 2548 1670 2587 laudato,
1692 2548 1716 2579 I.
1742 2558 1775 2590 p.
1795 2548 1865 2580 383.

417 2602 444 2631 2.
465 2600 584 2638 Zeller,
601 2610 704 2641 opere
723 2599 876 2637 laudato,
899 2599 924 2637 Ι,
946 2609 979 2640 p.
997 2600 1067 2629 375.

419 2649 446 2678 3.
474 2649 557 2679 Eam
583 2647 674 2688 apud
701 2647 911 2678 Schoellium
945 2646 1147 2687 opinionem
1178 2645 1320 2677 invenio
1346 2643 1579 2686 (Rheinisches
1616 2643 1783 2682 Muscam,
1819 2643 1914 2682 1877,

381 2695 482 2727 seber
496 2696 554 2726 Ion
576 2704 639 2725 von
657 2694 771 2730 Chius,
789 2693 853 2724 sub
871 2693 1002 2734 finem).

419 2744 447 2772 4.
469 2742 650 2779 Isocrates,
671 2742 712 2772 de
734 2741 907 2778 Antidosi,
926 2741 995 2771 268.

421 2791 449 2820 5.
467 2789 683 2827 Aristoteles,
711 2789 752 2820 de
774 2787 999 2820 Generatione
1022 2789 1054 2819 et
1080 2787 1319 2829 Corruptione,
1339 2787 1380 2826 ΙΙ,
1409 2788 1437 2826 1,
1465 2786 1522 2817 329
1544 2794 1582 2826 a;
1604 2785 1711 2824 Plato,
1734 2784 1909 2826 Sophista,

382 2837 452 2875 242,
468 2845 504 2873 c3
528 2836 570 2868 cf.
586 2837 698 2877 Leyes,
715 2837 753 2874 X,
769 2836 838 2873 888,
854 2836 890 2867 E.

425 2884 452 2914 6.
470 2883 553 2915 Vide
567 2883 671 2924 hujus
691 2882 798 2914 libelli
812 2882 978 2925 paginam
992 2882 1040 2922 85,
1056 2891 1089 2914 n.
1113 2883 1141 2913 1.
