2125 3534
926 315 1126 358 -9-

254 437 381 467 more
412 422 728 475 surrexissent,
755 422 911 467 Ionem
939 424 1090 468 cubito
1124 428 1314 483 tangens
1340 423 1583 483 AEschylus
1613 438 1622 467 ε
1655 443 1674 464 «
1704 424 1784 469 Vi-

257 493 418 547 desne,
454 494 617 552 inquit,
665 497 833 552 quanta
876 494 933 536 sit
978 495 1312 538 exercitationis
1351 495 1448 538 vis?
1487 495 1571 546 Qui
1618 496 1783 539 vulnus

257 565 431 624 accepit
451 568 587 618 tacet;
618 564 818 608 clamant
840 580 944 607 vero
967 566 1041 623 qui
1069 570 1274 624 spectant
1295 566 1304 591 ¹
1332 585 1367 608 ».
1394 565 1510 618 Quid
1534 566 1785 623 significare

256 635 394 679 vellet
435 635 504 679 his
536 635 683 680 verbis
721 635 963 694 AEschylus
998 636 1118 679 haud
1161 637 1289 680 l'acile
1327 640 1393 679 est
1431 636 1781 694 deprehendere,

257 706 335 749 sed
366 706 459 765 ipse
493 710 634 766 poetae
667 710 835 765 gestuS,
865 707 999 750 amici
1034 708 1150 750 latus
1180 708 1331 751 cubito
1364 708 1597 766 pulsantis,
1635 712 1784 766 aperte

257 777 455 821 declarat
476 793 611 836 quam
638 777 767 821 valde
796 777 1079 821 familiariter
1100 779 1315 821 viverent.
1341 779 1532 837 Magnus
1557 778 1622 821 vir
1643 778 1785 821 multa

255 851 410 892 nostro
435 848 487 892 de
520 849 622 892 vitae
655 864 746 892 suze
779 848 910 892 factis
938 849 1157 893 nimirum
1180 853 1454 902 narraverat,
1485 863 1677 907 quorum
1711 849 1786 891 ille

254 921 525 965 memoriam
543 920 590 963 in
612 919 740 963 libris
767 920 858 963 suis
881 920 1089 979 religiose
1116 925 1371 964 servaverat
1394 935 1403 963 :
1424 921 1499 978 qui
1524 920 1560 961 si
1582 935 1674 962 non
1697 920 1787 962 sere

255 992 438 1052 penitus
476 991 740 1051 periissent,
779 1006 913 1049 quam
954 990 1134 1049 juvaret
1171 1008 1292 1035 nunc
1337 992 1485 1050 ipsum
1519 991 1786 1049 AEschylum

254 1063 410 1106 audire
437 1062 490 1106 de
523 1062 694 1121 tragica
724 1066 818 1105 arte
854 1077 959 1106 eum
988 1063 1133 1106 amico
1165 1063 1474 1115 disserentem,
1505 1066 1582 1106 aut
1610 1062 1789 1120 egregia

255 1133 517 1178 Graecorum
536 1137 579 1177 et
596 1133 738 1192 ipsius
765 1133 884 1192 apud
905 1134 1135 1177 Salamina
1158 1135 1359 1178 facinora
1377 1134 1645 1177 referentem
1667 1134 1696 1176 2.

313 1205 436 1248 Inter
456 1204 727 1264 Sophoclem
748 1205 882 1248 etiam
905 1208 947 1248 et
968 1205 1125 1248 Ionem
1147 1205 1183 1247 si
1209 1206 1308 1263 quis
1329 1204 1573 1263 conjecerit
1595 1219 1788 1248 consue—

253 1275 460 1319 tudinem
493 1275 731 1329 exstitisse,
770 1292 863 1319 non
900 1276 1066 1319 infitias
1095 1276 1182 1319 ibo.
1231 1277 1323 1319 Etsi
1358 1277 1479 1319 enim
1520 1276 1789 1319 Plutarchus

253 1346 524 1406 AEschylum
551 1346 748 1406 prodidit:
780 1347 1062 1391 iracundiam
1093 1347 1291 1405 aliquam
1324 1347 1584 1405 concepisse
1613 1348 1641 1399 3,
1672 1345 1790 1404 quod

253 1417 500 1477 Sophocles
529 1433 674 1462 scenae
697 1433 823 1477 paene
844 1418 967 1462 rudis
988 1421 1031 1461 et
1050 1418 1136 1461 tiro
1158 1418 1203 1460 in
1229 1418 1395 1476 tragico
1417 1417 1662 1461 certamine
1684 1431 1788 1459 eum

252 1489 436 1533 vicisset
460 1489 490 1542 4,
527 1490 757 1533 eontentio
801 1505 900 1547 quse
931 1489 1048 1532 inter
1088 1489 1262 1532 nobiles
1302 1492 1455 1547 poetas
1485 1491 1582 1531 orta
1614 1490 1707 1530 erat
1735 1486 1789 1530 ab

253 1559 426 1603 invidia
458 1575 567 1604 sane
599 1576 782 1619 prorsus
810 1561 958 1603 aliena
987 1561 1093 1613 l'uit3
1126 1576 1216 1603 non
1249 1561 1441 1604 {emulus
1470 1560 1614 1617 magis
1653 1573 1789 1617 quam

254 1630 503 1690 discipulus
524 1631 726 1691 AEschyli
751 1632 996 1690 Sophocles
1023 1635 1117 1675 erat
1136 1634 1150 1657 5
1171 1636 1213 1675 et
1233 1636 1406 1691 poterat
1426 1635 1580 1675 noster
1609 1630 1789 1687 utrique

253 1718 350 1746 esse
374 1703 626 1746 familiaris.
653 1703 851 1746 AEtatem
879 1703 1007 1756 adde,
1038 1719 1126 1761 qua
1154 1704 1245 1746 fere
1275 1703 1468 1761 {equales
1489 1704 1617 1745 erant
1646 1701 1727 1744 Ion
1748 1703 1791 1743 et

256 1773 525 1833 Sophocles;
561 1773 674 1817 adde
709 1774 835 1817 illam
875 1774 1110 1832 Sophoclis
1143 1775 1475 1817 humanitatem
1525 1777 1567 1816 et
1610 1772 1789 1816 facilem

257 1845 531 1889 commercio
557 1844 773 1898 indolem,
798 1860 880 1889 nec
899 1844 995 1903 jam
1022 1845 1257 1889 miraberis
1290 1848 1496 1888 nostrum
1526 1858 1630 1887 cum
1660 1847 1791 1902 poeta

260 1916 507 1960 amicitiam
540 1916 818 1960 contraxisse
851 1930 860 1959 2
893 1916 1012 1975 quod
1034 1917 1096 1960 ita
1117 1932 1162 1960 re
1189 1917 1286 1976 ipsa
1306 1916 1443 1959 fuisse
1466 1915 1569 1959 inde
1591 1918 1791 1959 ceterum

301 2070 329 2101 1.
352 2069 539 2110 plutarch„
563 2070 604 2102 de
628 2071 775 2111 Profect.
803 2070 838 2101 in
858 2070 937 2102 virt.
968 2070 1043 2103 VIII
1072 2080 1078 2102 z
1104 2084 1118 2098 «
1140 2069 1302 2112 Αἴσχυλος
1325 2071 1379 2110 μὲν
1408 2070 1465 2110 γὰρ
1492 2068 1612 2109 Ἰσθμοῖ
1638 2068 1793 2108 θεώμενος

259 2116 365 2159 ἀγῶνα
389 2120 533 2156 πυκτῶν,
564 2118 634 2151 ἐπεὶ
654 2120 836 2162 πληγέντος
856 2121 964 2162 ἑτέρου
988 2123 1024 2152 τὸ
1049 2121 1180 2162 θέατρον
1202 2120 1362 2161 ἐξέκραγε,
1382 2119 1474 2157 νύξας
1503 2119 1595 2149 Ἴωνα
1617 2119 1671 2149 τὸν
1689 2119 1762 2148 Χῖον
1785 2128 1792 2134 ·

258 2164 343 2207 δρᾷς,
371 2165 444 2207 ἔφη,
471 2164 538 2196 οἷον
560 2166 581 2205 ἡ
610 2167 744 2206 ἄσκησίς
765 2167 868 2206 ἐστιν;
894 2167 910 2198 ὁ
935 2167 1112 2208 πεπληγὼς
1140 2168 1257 2207 σιωπᾷ,
1281 2166 1310 2197 οἱ
1337 2166 1369 2197 δέ
1389 2166 1540 2206 θεώμενοι
1568 2165 1679 2206 βοῶσι.
1708 2178 1722 2192 »
1745 2164 1792 2196 Cf.

259 2213 448 2252 Stobaeum‚
470 2213 593 2245 Flortl.
615 2215 699 2253 xlx,
727 2216 776 2246 89.
801 2234 839 2238 -
866 2216 1072 2256 Quanquam
1094 2224 1110 2246 e
1132 2216 1289 2246 veterum
1320 2214 1530 2245 testimoniis
1551 2222 1621 2244 non
1651 2213 1795 2253 apparet

255 2261 330 2301 jam
346 2260 428 2292 inde
447 2260 490 2291 ab
505 2260 740 2294 adolescentia
757 2263 875 2294 Ionem
893 2272 972 2293 cum
986 2262 1149 2302 AEschylo
1167 2271 1241 2293 esse
1256 2262 1495 2301 conjunctum,
1511 2260 1654 2291 minime
1675 2261 1792 2290 tamen

257 2307 433 2340 incertum
452 2308 538 2339 mihi
562 2309 701 2341 videtur
721 2319 796 2341 esse
816 2319 908 2348 eum,
933 2312 1077 2351 propter
1098 2319 1266 2351 magnum
1286 2318 1388 2340 suum
1408 2309 1604 2340 IItterarum
1625 2315 1793 2344 amorem,

257 2367 331 2389 non
353 2356 542 2398 neglixisse
558 2366 637 2388 cum
662 2366 775 2389 scenas
794 2358 909 2389 atticae
932 2358 1113 2398 magistro,
1129 2357 1188 2388 uhi
1209 2357 1363 2398 primum
1385 2356 1550 2398 potuerit,
1568 2353 1793 2387 consuetudi-

258 2414 339 2437 nem
358 2404 542 2436 instituere
562 2414 568 2435 :
591 2404 685 2445 quod
705 2414 767 2446 per
787 2405 965 2436 Cimonem
984 2405 1085 2436 facile
1108 2405 1183 2435 fieri
1205 2404 1330 2446 potuit.

299 2452 329 2483 2.
350 2451 464 2484 Schol.
480 2452 524 2483 ad
546 2453 680 2490 Persas,
700 2461 730 2482 v.
753 2453 809 2483 401
833 2462 840 2483 2
862 2452 930 2482 Ἴων
956 2452 986 2482 ἐν
1003 2453 1071 2487 ταῖς
1094 2451 1298 2491 Ἐπιδημίαις
1316 2451 1463 2493 παρεῖναι
1485 2449 1653 2492 Αἰσχύλον
1679 2448 1708 2479 ἐν
1731 2450 1795 2483 τοῖς

258 2499 514 2538 Σαλαμινιακοῖς
529 2500 637 2541 φησίν.
658 2500 932 2531 Schneidevinus
950 2499 1168 2540 (Philolofflcs
1184 2499 1270 2537 VIII,
1286 2509 1318 2540 p.
1339 2499 1396 2529 733
1414 2498 1505 2539 sqq.)
1520 2507 1562 2528 ex
1577 2497 1669 2528 Ionis
1697 2496 1795 2528 libris

257 2547 418 2589 profecta
434 2556 510 2579 esse
533 2549 634 2588 putat
648 2548 759 2579 multa
777 2557 817 2578 ex
833 2547 881 2578 eis
903 2556 980 2588 quae
999 2547 1041 2578 de
1058 2547 1210 2588 AEschyli
1228 2547 1300 2578 vita
1314 2548 1348 2578 et
1366 2546 1523 2577 moribus
1540 2545 1641 2577 nobis
1666 2544 1794 2576 tradita

258 2596 353 2626 sunt.
371 2595 422 2626 Ex
437 2604 558 2626 eorum
573 2604 720 2626 numero
735 2596 817 2626 sunt
833 2604 910 2636 quae
929 2596 1118 2627 narrantur
1135 2604 1155 2627 a
1174 2594 1357 2632 Pausanffl,
1379 2594 1404 2633 I,
1428 2595 1479 2633 21,
1494 2595 1531 2632 33
1553 2602 1573 2625 a
1587 2591 1794 2634 Porphyrio,

257 2642 300 2674 de
316 2641 464 2681 Abstin„
484 2643 513 2681 2,
537 2643 595 2681 183
617 2642 660 2674 ab
679 2642 846 2674 Athenaeo
864 2642 936 2682 VII,
956 2643 1015 2674 347
1029 2652 1058 2682 e,
1079 2644 1143 2675 etc.

298 2690 328 2721 3.
354 2689 542 2728 Plutarch„
563 2689 690 2728 Cimon,
712 2690 799 2722 VIII.

298 2738 330 2769 4.
352 2737 403 2770 Ol.
424 2738 473 2776 77,
492 2739 510 2769 4
529 2737 668 2779 (469s8).

300 2785 329 2816 5.
353 2784 469 2826 Biogr.
499 2793 666 2825 anonym.
690 2795 696 2816 ζ
718 2795 782 2826 παρ
812 2784 964 2827 Αἰσχύλῳ
997 2783 1028 2815 δὲ
1054 2785 1111 2822 τὴν
1139 2783 1314 2826 τραγῳδίαν
1346 2782 1454 2823 ἔμαθε.
1485 2799 1523 2806 -
1547 2782 1624 2814 Non
1653 2781 1796 2822 reliquit

258 2831 413 2864 Athenas
443 2833 523 2873 post
553 2832 688 2863 cladem
718 2841 817 2864 suam
837 2832 1034 2872 AEschylus‚
1052 2834 1092 2864 ut
1121 2831 1325 2863 Plutarchus
1351 2831 1400 2862 alt
1418 2829 1564 2869 (Cimon,
1587 2829 1692 2870 VIII);
1714 2838 1794 2860 nam

259 2879 421 2919 sequenti
444 2888 538 2911 anno
555 2879 591 2910 in
610 2880 746 2911 theatro
765 2880 950 2911 victoriam
968 2879 1160 2921 reportavit
1180 2878 1367 2919 tem-atoma
1387 2878 1486 2918 cujus
1507 2878 1643 2919 partem
1659 2876 1794 2917 Septem

261 2925 469 2958 efficiebant.
488 2926 587 2967 (Vide
612 2926 739 2968 Bergk,
759 2926 891 2958 Griech.
914 2926 1030 2963 Liber„
1054 2926 1111 2964 Ill,
1132 2935 1164 2967 p.
1186 2925 1269 2966 281).
