2125 3534
102 396 257 437 contra
279 394 325 436 in
346 394 454 437 Asia
474 393 644 437 Minore
666 393 825 436 fidibus
847 394 907 437 ita
936 409 1066 437 voces
1101 399 1139 437 et
1158 394 1334 437 chordae
1362 398 1609 446 creverant,

101 467 150 508 ut
179 479 392 508 sonorum
429 479 617 507 numero
648 464 768 506 tibiis
792 463 884 521 jam
921 465 1264 516 :emularentuffl
1298 465 1412 507 tibia¹v
1446 469 1610 515 autem,

101 549 338 594 progressu
361 536 574 594 temporis
598 535 838 593 ampliores
872 536 1014 587 sactae,
1039 550 1181 592 neque
1209 535 1434 593 simplices
1452 533 1545 591 jam
1569 538 1616 576 ut

101 609 231 649 antea
259 610 302 649 et
328 608 432 650 ssatu
450 607 588 658 tenui,
615 610 677 649 tot
694 606 990 649 foraminibus
1012 611 1137 649 erant
1160 607 1402 653 terebratw,
1435 609 1483 647 ut
1504 604 1615 647 inei-

102 676 282 720 tatiores
303 678 483 735 quosvis
504 677 643 720 animi
664 680 828 729 motus,
853 677 945 719 sive
967 678 1125 728 acutis,
1150 678 1240 719 sive
1269 676 1476 734 gravibus
1495 675 1616 717 sonis

103 762 215 806 opus
233 752 362 801 esset,
389 752 570 807 possent
585 748 810 806 effingere.
830 748 1132 800 Quamobrem
1154 748 1336 791 advenis
1361 746 1617 790 auctorilms

103 818 405 863 adscribendae
423 824 526 863 sunt
547 835 703 864 omnes
731 820 820 862 fere
843 835 938 877 quw
959 819 1108 879 lyricis
1132 819 1274 862 modis
1300 823 1391 861 tum
1417 832 1617 860 accesse-

105 894 209 933 runt
236 891 524 934 mutationes.
559 891 611 933 In
641 890 926 949 dithyrambo
959 890 1218 948 pnrserthn,
1249 888 1377 945 cujus
1410 901 1619 946 suprema

102 959 175 1003 lex
196 975 291 1004 esse
319 960 552 1004 videbatur
572 965 621 1004 ut
642 961 841 1020 priorum
871 961 1055 1018 vestigia
1088 960 1310 1003 [insereret
1330 974 1472 1016 neque
1494 956 1620 1015 quid-

102 1045 236 1089 quam
258 1031 466 1074 inausum
489 1032 774 1089 relinqueret,
799 1046 890 1074 non
912 1032 1077 1073 mirum
1101 1034 1165 1073 est
1189 1031 1240 1083 si,
1263 1031 1378 1072 inter
1400 1033 1461 1072 tot
1481 1028 1620 1085 scrip-

103 1105 221 1145 tores
253 1102 327 1160 qui
361 1117 411 1145 ea
451 1106 578 1146 aetate
619 1103 901 1162 Dionysiacis
940 1102 1216 1145 carminibus
1249 1101 1504 1151 innotuere,
1546 1099 1620 1140 vix

101 1187 219 1216 unus
240 1177 282 1216 et
303 1174 414 1216 alter
433 1178 696 1217 numeratur
722 1174 914 1217 Athenis
941 1173 1157 1217 oriundus
1189 1177 1331 1231 poeta,
1370 1172 1472 1215 licet
1504 1168 1620 1228 apud

103 1243 281 1302 plebem
309 1245 461 1287 nonin
486 1245 660 1288 minore
688 1245 828 1303 gratia
856 1244 1166 1304 dithyrambus
1189 1244 1336 1297 suerit,
1368 1256 1502 1300 quam
1525 1241 1620 1299 ipsa

104 1314 321 1373 tragoedia
343 1318 370 1358 ¹.

163 1384 261 1438 Ion,
286 1385 333 1428 in
366 1385 756 1445 dithyramborum
786 1400 971 1429 suorum
997 1385 1156 1434 modis,
1177 1385 1316 1427 nativi
1341 1384 1423 1427 soli
1447 1383 1622 1442 patriae-

106 1470 195 1514 que
217 1457 362 1515 gentis
385 1457 619 1515 ingenium
640 1457 759 1500 haud
786 1457 917 1500 dubie
945 1461 1125 1500 secutus
1147 1460 1211 1499 est
1234 1458 1247 1481 ²
1272 1471 1279 1499 :
1305 1456 1391 1498 fuit
1409 1459 1451 1497 et
1473 1454 1546 1496 ille
1571 1468 1624 1496 ex

108 1526 163 1570 iis
184 1542 295 1585 quos
321 1531 471 1586 posset
498 1523 669 1572 Musica
690 1544 876 1586 arguere
896 1528 1015 1586 quod
1036 1527 1385 1571 Atheniensium
1400 1524 1623 1583 judicium

108 1598 425 1657 corrupissent.
468 1598 594 1642 Adde
637 1599 770 1657 quod,
806 1603 856 1642 ut
890 1600 1072 1643 uberius
1101 1599 1217 1641 infra
1253 1600 1516 1656 exponetur,
1543 1595 1625 1638 Ion

106 1684 198 1712 non
217 1669 331 1712 nihil
352 1685 496 1729 operae
519 1670 904 1729 Pythagoreorum
927 1670 1139 1713 doctrina}
1161 1669 1356 1721 dederat,
1382 1667 1512 1725 cujus
1533 1681 1626 1708 ma-

106 1754 242 1798 gnam
259 1744 429 1799 partem
452 1749 645 1799 ἁρμονικ-ῆς
663 1741 809 1784 studio
832 1740 1169 1799 quaerendisque
1201 1754 1415 1783 sonorum
1446 1736 1627 1780 rationi-

105 1809 187 1854 bus
220 1812 475 1855 constitisse
494 1816 653 1856 notum
680 1816 745 1856 cst
765 1816 779 1840 3
824 1826 831 1854 :
857 1828 909 1856 ex
943 1827 1028 1870 quo
1061 1815 1205 1870 potest
1229 1810 1519 1870 probabiliter
1540 1808 1628 1851 col-

106 1881 186 1939 ligi
205 1896 324 1935 eum,
348 1883 466 1940 quod
497 1899 738 1927 commune
760 1898 863 1926 cum
880 1883 1102 1942 plerisque
1119 1881 1323 1939 ejusdem
1346 1881 1492 1940 gentis
1514 1879 1626 1922 viris

107 1952 163 1996 ad
183 1954 406 1997 musicam
429 1958 571 1998 artem
591 1971 786 2014 pronum
808 1955 1043 2012 ingenium
1062 1954 1322 2012 accepisset,
1341 1950 1624 2010 gravioribus

111 2023 246 2067 etiam
264 2024 422 2068 studiis
443 2027 695 2070 exercuisse
711 2030 754 2070 et
774 2026 1052 2070 citharistam
1075 2024 1398 2084 peritissimum
1416 2021 1624 2065 evasisse.

167 2094 288 2138 Num
314 2095 420 2154 quid
449 2097 554 2139 novi
580 2097 674 2156 ipse
696 2098 882 2141 musicis
914 2096 1116 2140 numeris
1137 2094 1372 2152 modisque
1394 2092 1625 2151 adjecerit,

113 2166 339 2211 incertum
376 2171 456 2210 est.
493 2168 552 2211 At
585 2169 782 2227 profecto
816 2184 912 2226 quae
940 2168 1015 2211 alii
1049 2166 1303 2225 adjecerant
1324 2163 1634 2223 comprobavit

156 2345 183 2377 1.
204 2345 288 2377 Cum
309 2344 400 2387 apud
418 2345 657 2377 Pherecratem
686 2345 818 2377 Musica
831 2345 872 2376 de
901 2346 1103 2378 infortuniis
1136 2346 1207 2379 suis
1224 2346 1382 2387 queritur
1401 2346 1433 2377 et
1451 2345 1634 2386 poetarum

117 2392 178 2433 qui
201 2392 231 2423 ei
252 2392 322 2423 vim
344 2393 549 2432 intulerunt,
567 2393 748 2425 audaciam
774 2393 898 2433 arguit,
928 2394 1070 2425 Cinesiae
1095 2394 1353 2434 quodaminodo
1374 2392 1491 2434 augeri
1522 2392 1635 2424 scelus

119 2438 269 2479 videtur,
290 2439 384 2480 quod
408 2440 466 2472 ille
489 2450 560 2472 non
578 2441 795 2482 peregrinus,
815 2442 853 2472 ut
881 2441 1145 2484 Melanippides,
1164 2441 1324 2483 Phrynis,
1344 2440 1557 2480 Timotheus,
1576 2439 1636 2471 sed

117 2486 244 2520 atticus
265 2488 327 2520 est.

445 2540 594 2578 Κινησίας
612 2542 669 2582 γὰρ
688 2540 704 2572 ὁ
724 2540 960 2582 λακατάρατος,
983 2541 1191 2579 Ἀττικὸς,....

442 2587 635 2618 ἄπολώλεκέ
654 2588 685 2627 μ’
700 2588 809 2625 οὕτως,
831 2588 932 2619 κ.τ.λ.

158 2657 190 2690 2.
213 2657 361 2696 Quidam
378 2658 460 2691 Chio
476 2659 614 2691 oriundi
628 2660 867 2691 memorantur
883 2659 975 2691 inter
991 2658 1145 2691 musicos
1159 2657 1462 2699 dithyramborurn
1478 2657 1636 2689 auctores

123 2705 183 2746 qui
213 2707 288 2737 tum
313 2705 456 2737 Athenis
483 2707 724 2745 versabantur,
757 2709 795 2738 ut
827 2707 1046 2739 Democritus
1078 2707 1180 2738 Chius
1215 2705 1312 2746 (Vide
1346 2705 1471 2745 Bergk,
1506 2704 1637 2736 Griech.

123 2753 240 2791 Liter„
261 2753 300 2790 ΙΙ,
323 2763 356 2794 p.
387 2754 457 2793 537)
479 2763 581 2795 quen]
603 2755 663 2786 Ion
687 2754 888 2786 adolescens
913 2755 1058 2786 Athenis
1083 2754 1230 2785 fortasse
1253 2752 1396 2790 audivit,
1418 2753 1486 2783 imo
1506 2751 1638 2793 magis-

122 2802 216 2833 trum
234 2800 366 2839 habuit,
385 2802 418 2832 et
435 2801 636 2841 Licymnius
651 2802 752 2833 Chius
772 2801 910 2842 (Bergk,
933 2802 1064 2839 Grieclz,
1085 2802 1239 2839 Literat„
1260 2801 1300 2838 11,
1322 2810 1355 2842 p.
1374 2800 1458 2840 543.)

163 2849 193 2879 3.
219 2847 423 2889 Pythagorae
442 2848 663 2881 tribuebatur
679 2851 756 2881 octo
780 2849 919 2881 chordis
939 2849 1081 2882 intentae
1101 2849 1186 2890 lyrae
1204 2848 1372 2881 inventio.
1395 2847 1565 2889 (Gevaert,
1585 2855 1636 2888 op.

127 2895 237 2937 laud„
257 2896 298 2935 II,
313 2906 345 2937 p.
365 2896 446 2936 251).
