2125 3534
786 274 1015 315 -33—

135 381 362 436 videntur,
398 383 460 426 ita
486 383 567 426 Ion
590 383 682 442 ipse
712 383 846 426 modo
883 383 1133 426 acerbiores
1170 384 1214 426 in
1246 383 1530 442 popularium
1560 400 1661 444 par-

136 453 248 496 tium
271 453 432 497 ducem
461 454 548 496 iras
570 453 866 512 concipiebat.
886 453 1018 495 modo
1034 457 1187 496 contra
1207 454 1373 511 aliquid
1388 454 1440 497 de.
1461 455 1562 498 odio
1579 472 1660 499 suo

135 525 404 568 remittebat.
431 526 487 570 [t
509 525 711 584 exempla
732 526 929 575 atteram,
955 525 1025 567 cui
1047 524 1232 567 dubium
1256 540 1350 567 esse
1375 530 1532 583 potest,
1552 528 1660 584 quin

134 609 340 638 summus
367 595 509 648 dolor,
535 610 667 654 quem
690 610 743 638 ex
773 595 906 637 amici
929 595 1085 637 exsilio
1110 608 1240 650 uum«)
1264 599 1344 639 4539
1375 601 1466 638 ant.
1489 597 1567 639 Ch.
1596 600 1658 653 n.)

134 665 286 709 animo
315 670 508 725 ceperat,
544 666 729 725 paulum
760 666 992 723 mitigatus
1026 666 1079 707 sit
1110 671 1205 723 post
1231 667 1338 709 illud
1372 667 1490 724 apud
1520 668 1660 710 Tana-

134 751 262 794 gram
299 736 507 795 praelium
536 737 583 780 in
616 752 702 794 quo
733 736 859 779 Cimo
894 751 974 779 suo
1005 737 1049 778 in
1078 737 1279 779 Athenas
1307 752 1459 780 amore
1493 739 1657 796 insigni

135 807 298 865 dignus
316 808 440 851 visus
460 808 636 866 estqui,
662 807 707 850 in
734 807 924 865 patriam
960 812 1210 859 revocatus,
1253 823 1344 850 non
1376 808 1659 852 adversarius

129 877 226 936 jam
248 878 452 931 Periclis,
479 878 555 922 sed
588 878 752 929 socius,
777 878 976 935 aliquam
1001 878 1300 935 gerendarum
1325 894 1474 922 rerum
1509 880 1658 937 publi-

133 963 288 992 carum
311 953 483 1008 partem
508 949 758 992 obtineret?
786 949 1091 992 Reconciliata
1123 949 1237 991 inter
1263 950 1396 992 «luces
1419 951 1576 1007 gratia,
1603 951 1657 994 ad

132 1019 326 1063 leniores
348 1035 454 1078 erga
474 1019 696 1063 Periclem
717 1034 876 1063 sensus
896 1023 1102 1063 nostrum
1125 1021 1260 1063 etiam
1276 1036 1545 1064 conversum
1562 1037 1656 1066 csse

131 1105 211 1150 pro
236 1094 355 1134 certo
384 1091 536 1134 haberi
560 1094 738 1149 potest,

188 1161 363 1205 Mortuo
383 1177 490 1205 vero
515 1162 701 1206 Cimone
730 1164 826 1219 (449
847 1166 924 1206 ant
942 1162 1022 1206 Ch.
1052 1163 1134 1216 ιι),
1158 1178 1314 1206 rursus
1332 1178 1531 1207 accensae
1553 1169 1658 1208 sunt

131 1233 390 1277 animorum
427 1233 726 1292 odiorumque
754 1234 888 1277 faces.
922 1235 1035 1277 Tum
1057 1235 1178 1277 enim
1201 1233 1499 1293 'l‘liucy‹li‹les‚
1525 1235 1658 1278 Melc-

130 1305 206 1348 siae
228 1304 346 1348 filius
370 1304 659 1363 Cimonisquc
687 1304 835 1347 affinis
860 1308 886 1358 ¹,
912 1306 1170 1357 contractis,
1191 1321 1289 1363 quse
1304 1305 1398 1361 jam
1416 1306 1572 1349 solutze
1595 1306 1658 1348 vi-

130 1376 369 1428 debantur,
387 1376 672 1435 optimatium
689 1377 885 1435 partium
899 1377 1100 1434 reliquiis
1117 1376 1506 1435 redintegratoque
1519 1376 1652 1429 bello,

131 1447 178 1490 in
202 1446 424 1491 Periclem
446 1451 538 1490 tam
559 1447 817 1490 vehementi
840 1448 1011 1505 impetu
1039 1463 1135 1491 sese
1157 1448 1308 1490 intulit
1339 1451 1383 1490 ut
1408 1448 1452 1489 in
1477 1462 1655 1490 summo

130 1518 391 1562 discrimine
425 1518 593 1562 versari
627 1518 856 1561 videretur
893 1519 1047 1577 magni
1090 1519 1171 1561 viri
1211 1519 1469 1561 auctoritas,
1508 1518 1655 1570 Quam

129 1594 226 1634 tum
247 1590 394 1649 potuit
416 1589 498 1633 Ion
518 1590 635 1633 inter
661 1589 927 1633 dimicantes
949 1590 1119 1633 amicos
1149 1604 1254 1632 suos
1286 1604 1525 1648 personam
1561 1604 1656 1632 sus-

126 1662 270 1706 tinere
294 1663 314 1704 ?
357 1675 462 1704 cum
505 1661 543 1704 ei
579 1661 828 1719 praesertim
882 1664 1064 1720 propter
1102 1661 1387 1719 peregrinam
1432 1660 1654 1718 originem

125 1732 279 1776 nullus
306 1731 361 1775 ad
378 1731 558 1791 publica
583 1746 775 1774 munera
795 1731 957 1783 aditus,
986 1735 1032 1775 ut
1052 1731 1295 1775 verisimile
1323 1734 1403 1783 est,
1423 1734 1593 1789 pateret
1614 1732 1655 1773 ²?

124 1803 227 1847 Non
247 1803 510 1862 ignoramus
534 1802 715 1861 quidem
737 1803 849 1845 alios
871 1803 951 1846 etsi
979 1802 1161 1846 civitate
1189 1817 1366 1860 semper
1393 1805 1651 1854 caruerunt,

125 1889 230 1919 cum
263 1877 415 1918 tamen
453 1874 618 1917 eximia
644 1874 691 1916 in
713 1873 902 1917 dicendo
936 1874 1149 1917 facultate
1179 1874 1448 1924 eminerent,
1486 1887 1540 1915 ex
1571 1872 1654 1915 ali-

124 1960 212 2005 qua
231 1948 372 2004 parte,
406 1944 514 1988 dum
547 1945 744 2004 privatos
771 1949 848 1988 aut
874 1944 1165 1988 defenderent
1191 1948 1268 1987 aut
1294 1947 1549 2001 arguerent,
1575 1959 1654 2002 pu-

123 2016 264 2061 blicas
292 2031 362 2060 res
383 2016 584 2075 attigisse
622 2030 630 2059 :
664 2016 780 2060 hanc
805 2016 987 2069 scimus,
1013 2015 1166 2075 paucis
1186 2018 1286 2074 post
1312 2014 1469 2058 Ionem
1503 2014 1649 2067 annis,

124 2091 270 2132 artem
286 2088 470 2147 Lysiam
492 2088 716 2132 calluisse.
749 2089 808 2131 At
839 2088 920 2131 Ion
953 2102 1099 2146 neque
1122 2090 1283 2130 natura
1303 2085 1482 2129 videtur
1516 2085 1652 2129 fuisse

123 2159 386 2214 instructUS,
403 2174 550 2218 neque
572 2159 812 2219 disciplina
827 2159 1095 2202 informatus
1111 2157 1165 2201 ad
1184 2158 1298 2201 hanc
1322 2156 1653 2200 dicendifacul-

122 2233 262 2275 tatem
284 2232 311 2275 ¹.
336 2230 491 2290 Neque
516 2230 560 2274 id
583 2231 768 2284 mirum,
787 2245 891 2275 cum
913 2245 964 2274 ea
987 2233 1116 2274 aetate
1137 2229 1213 2273 vix
1229 2228 1437 2287 coepisset
1459 2227 1651 2271 Athenis

164 2422 191 2453 1.
214 2421 402 2461 Plutarch,
424 2421 573 2454 Pericles
590 2421 634 2453 XI
656 2431 662 2453 :
684 2420 844 2459 κηδεστὴς
860 2420 1012 2461 Κίμωνος.

161 2470 191 2500 2.
214 2469 337 2500 Nullus
361 2470 474 2501 exstat
499 2471 658 2501 veterum
690 2469 901 2510 scriptorum
937 2468 1046 2505 locus,
1074 2466 1210 2499 nullum
1243 2467 1524 2505 monumentum,
1551 2467 1651 2506 cujus

121 2516 324 2549 testimonio
355 2517 424 2548 nisi
447 2517 657 2549 contendere
689 2517 865 2558 possimus
892 2516 1013 2547 Ionem
1045 2515 1081 2546 in
1109 2514 1287 2546 civitatem
1315 2514 1358 2546 ab
1379 2514 1650 2546 Atheniensibus

120 2573 197 2595 esse
216 2565 409 2606 receptum.
433 2564 543 2602 Quam
563 2572 667 2605 parce
689 2563 819 2594 civium
840 2564 922 2603 J'ura
940 2562 1135 2604 peregrinis
1156 2561 1388 2593 concederent
1407 2561 1648 2599 Athenienses,

120 2611 233 2651 Lysiae
253 2611 412 2653 exemplo
439 2611 607 2644 docemur
625 2611 696 2652 qui,
718 2612 797 2652 post
822 2612 873 2642 tot
892 2612 926 2642 et
950 2612 1048 2642 tanta
1066 2608 1236 2641 beneficia
1254 2609 1381 2649 quibus
1412 2608 1582 2650 populum
1612 2609 1649 2640 in

119 2659 363 2701 recuperanda
390 2659 551 2692 libertate
573 2659 767 2699 adjuverat,
798 2668 981 2700 nunquam
1015 2660 1130 2690 tamen
1156 2658 1192 2689 in
1215 2658 1346 2689 civium
1372 2666 1518 2689 numero
1548 2656 1649 2688 habi-

120 2708 177 2738 tus
197 2708 259 2737 est.
286 2705 421 2744 Quibus
448 2708 566 2738 autem
589 2706 724 2737 meritis
745 2706 806 2737 lon
828 2706 872 2737 ab
897 2706 1169 2738 Atheniensibus
1198 2705 1373 2737 civitatem
1402 2704 1556 2746 potuerit
1579 2704 1647 2735 im-

120 2755 259 2796 petrare
279 2763 350 2786 non
375 2754 488 2786 video.
507 2755 598 2786 Fieri
620 2756 748 2786 tamem
767 2753 882 2794 potuit
906 2754 945 2784 ut
966 2762 1029 2794 per
1057 2753 1234 2784 Cimonem
1261 2751 1440 2782 ἰσοτέλειαν
1461 2751 1645 2783 obtineret.

121 2802 165 2833 At
191 2810 235 2832 ne
254 2801 304 2833 sic
324 2801 466 2843 quidem
489 2803 567 2842 jure
589 2800 745 2842 suffragii
763 2800 800 2831 in
817 2800 985 2832 concione
1005 2801 1066 2831 aut
1089 2799 1126 2831 in
1142 2799 1283 2839 judiciis
1302 2798 1494 2836 fruebatur,
1518 2798 1647 2829 nedum

121 2847 165 2880 ad
198 2847 357 2890 publicos
371 2849 598 2890 magistratus
617 2848 668 2879 illi
694 2848 749 2879 via
768 2849 913 2889 pateret.
934 2846 1018 2881 Vide
1042 2846 1206 2886 Schenkl,
1225 2847 1274 2878 De
1295 2846 1441 2879 metoecis
1459 2845 1589 2886 atticis,
1609 2844 1647 2878 in

124 2894 262 2929 Wiener
273 2895 423 2934 studien,
448 2897 537 2936 1880,
558 2895 600 2936 ΙΙ,
621 2895 685 2927 sub
702 2894 818 2926 finem.
