2125 3534
1108 283 1338 325 —12-

452 394 562 447 nati,
586 393 939 437 Atheniensium
960 394 1162 437 virorum
1190 395 1366 438 animos
1387 395 1766 454 aggrediebantur
1793 400 1835 440 et
1863 397 1918 441 ad
1940 413 1986 442 se

450 465 733 509 attrahebant
759 479 766 508 :
792 480 982 523 quarum
1012 480 1116 509 cum
1142 466 1375 509 nonnullae
1409 466 1631 520 dicantur,
1663 466 1760 525 jam
1789 468 1986 513 Medico—

450 551 553 580 rum
574 536 797 580 bellorum
819 539 1036 595 tempore,
1066 536 1185 595 apud
1206 552 1476 595 magnarum
1498 538 1735 581 civitatum
1756 539 1985 599 principes

449 608 715 651 auctoritate
736 607 933 650 maxima
953 607 1150 651 valuisse
1172 609 1200 661 ¹,
1237 608 1365 651 nulla
1386 612 1539 652 tamen
1566 609 1730 652 clarior
1754 611 1923 654 exstitit
1943 615 1987 655 et

447 679 496 722 in
529 694 576 723 re
608 679 790 738 publiea
827 679 1068 737 potentior,
1100 694 1236 737 quam
1272 680 1464 738 Aspasia
1496 680 1590 733 illa,
1626 695 1740 738 quae,
1777 682 1984 739 quamvis

448 754 603 810 postea
628 750 806 808 magnis
832 749 1073 793 virtutibus
1095 753 1139 793 et
1164 750 1249 793 fide
1270 750 1317 793 in
1345 751 1573 794 connubio
1605 751 1725 794 haud
1753 752 1980 811 ambigua,

446 821 681 880 praeteritae
709 821 811 864 vitae
838 821 1066 864 maculam
1087 821 1294 874 abluerit,
1326 821 1586 880 exemplum
1624 825 1780 865 tamen
1808 823 1983 868 illustre

445 893 615 952 praebet
636 893 707 935 vel
741 892 965 935 maximos
987 907 1038 935 ea
1063 895 1191 935 aetate
1225 892 1511 936 Athenarum
1543 893 1664 937 viros
1691 908 1795 937 eum
1825 894 1984 954 volup-

444 966 534 1008 tate
557 964 820 1022 dignitatem
840 961 1054 1021 conjungi
1076 978 1206 1021 posse
1227 964 1472 1022 putavisse.

502 1036 563 1078 At
583 1035 831 1094 praesertim
862 1034 938 1077 ille
966 1034 1218 1077 amicorum
1239 1037 1381 1077 coetus
1407 1035 1455 1077 in
1477 1049 1611 1093 quem
1638 1035 1721 1078 Ion
1747 1039 1982 1095 cooptatus

444 1110 540 1152 erat
560 1107 636 1150 ubi
658 1107 857 1166 primum
878 1105 1082 1148 Athenas
1103 1109 1302 1158 venerat,
1331 1121 1423 1148 non
1445 1106 1620 1149 alienus
1647 1106 1784 1150 fuisse
1806 1107 1983 1152 videtur

443 1197 469 1225 a
500 1180 710 1223 liberiore
754 1181 797 1221 et
837 1177 1050 1220 hilariore
1094 1177 1274 1220 vivendi
1320 1192 1485 1235 genere
1521 1191 1529 1220 :
1566 1182 1698 1236 atque
1736 1183 1910 1233 noster,
1943 1180 1981 1223 si

443 1251 622 1310 quando
644 1249 789 1293 voluit
809 1264 833 1291 a
853 1249 925 1291 via
955 1249 1177 1301 aberrare,
1203 1249 1399 1307 exempli
1433 1249 1773 1293 excusationem
1802 1251 1850 1293 in
1883 1251 1980 1310 ipsa

443 1323 645 1366 Cimonis
668 1322 801 1365 domo
823 1321 969 1379 potuit
989 1320 1207 1363 invenire.
1230 1320 1331 1363 Non
1350 1320 1510 1378 loquor
1528 1321 1580 1364 de
1602 1321 1856 1380 opprobriis
1881 1338 1978 1381 quae

442 1395 494 1439 de
511 1395 698 1438 Cimone
718 1394 814 1452 ipso
837 1396 879 1435 et
900 1391 997 1450 ejus
1014 1407 1165 1435 sorore
1179 1392 1385 1451 Elpinice
1400 1393 1714 1447 narrabantur,
1734 1394 1781 1436 in
1797 1394 1973 1452 quibus,

439 1470 489 1510 ut
516 1465 758 1509 Plutarcho
788 1465 949 1523 placet,
975 1464 1113 1506 latere
1135 1464 1296 1522 opinor
1316 1464 1617 1523 interpretum
1650 1465 1973 1522 ignorantiam,

437 1538 791 1583 Atheniensium
825 1536 1030 1594 quaedam
1064 1536 1271 1579 instituta
1304 1551 1440 1595 prave
1474 1537 1829 1595 intelligentium
1850 1538 1878 1579 2.
1916 1537 1978 1579 At

438 1610 675 1654 Cimonem
698 1611 875 1652 constat
897 1607 1015 1666 apud
1036 1607 1232 1665 aequales
1254 1611 1297 1650 et
1317 1608 1558 1666 populares
1581 1623 1684 1651 suos
1706 1608 1824 1651 male
1845 1607 1973 1651 audi-

434 1682 552 1726 visse
575 1680 691 1740 quod
715 1680 770 1723 ad
793 1693 973 1722 morum
996 1679 1282 1721 severitatem
1304 1679 1479 1731 attinet,
1506 1682 1549 1722 et
1569 1679 1623 1722 ad
1642 1695 1712 1722 res
1731 1679 1972 1722 amatorias

435 1753 572 1796 fuisse
600 1751 940 1811 propensiorem
963 1750 990 1793 3.
1023 1749 1297 1792 Melanthius
1324 1753 1457 1808 poeta
1483 1750 1531 1792 in
1565 1750 1776 1808 elegiacis
1807 1751 1972 1794 carmi-

433 1825 567 1868 nibus
596 1823 805 1882 jocosum
838 1823 885 1865 in
924 1821 1111 1865 modum
1144 1821 1427 1880 compositiS,
1463 1822 1691 1864 Asteriam
1727 1822 1971 1880 quamdam

434 1895 834 1947 commemorabat,
854 1893 1204 1937 Salaminiacam
1225 1892 1480 1945 mulierem,
1500 1896 1543 1935 et
1562 1892 1804 1950 quamdam
1825 1894 1971 1937 Mnes-

432 1972 564 2022 tram,
595 1982 705 2026 quas
728 1966 854 2010 Cimo
881 1965 1091 2008 adamare
1120 1963 1361 2007 ferebatur.
1391 1963 1626 2007 Melanthii
1660 1968 1811 2008 autem
1843 1965 1970 2008 testi-

431 2040 637 2084 monium
658 2054 750 2082 non
770 2036 1066 2095 rejiciendum
1089 2051 1184 2079 esse
1209 2051 1263 2079 ex
1282 2051 1332 2079 eo
1355 2035 1649 2079 manifestum
1666 2039 1746 2089 est,
1772 2036 1891 2094 quod
1913 2036 1968 2080 ad

431 2112 669 2156 Cimonem
690 2111 840 2169 ipsum
862 2112 992 2168 poeta
1023 2107 1227 2151 carmina
1248 2122 1328 2150 sua
1360 2107 1560 2160 miserat,
1592 2107 1760 2150 nedum
1788 2107 1835 2150 in
1863 2122 1967 2151 eum

430 2184 591 2227 acerba
630 2182 832 2226 convicia
865 2181 1060 2224 conflare
1095 2182 1355 2231 conaretur3
1391 2192 1537 2237 neque
1569 2178 1770 2237 profecto
1805 2179 1966 2222 Cimon

428 2255 523 2314 ipse
544 2258 687 2314 poetae
706 2253 998 2304 irascebatur,
1021 2255 1261 2294 contentus
1294 2250 1439 2293 ridere
1474 2253 1517 2293 et
1547 2250 1786 2308 largitione
1814 2251 1966 2309 aliqua

429 2326 527 2385 ejus
545 2341 728 2386 operam
750 2325 1032 2369 remunerari
1051 2324 1081 2367 4.
1106 2324 1257 2366 Tradit
1279 2323 1414 2366 etiam
1433 2322 1705 2366 Plutarchus
1728 2322 1964 2366 Cimonem

426 2398 474 2441 in
507 2398 745 2451 Isodicem,
769 2396 1081 2456 Euryptolemi
1114 2396 1270 2449 filiam,
1300 2395 1363 2438 ita
1383 2394 1644 2438 vehementi
1679 2409 1831 2437 amore
1867 2408 1963 2437 esse

467 2592 494 2622 1.
516 2589 651 2622 Milesia
681 2588 877 2630 Thargclia,
903 2589 941 2619 ut
969 2587 1129 2629 exemplo
1157 2588 1247 2619 utar.
1271 2586 1356 2619 Vide
1378 2586 1415 2618 E.
1443 2585 1612 2624 Curtium,
1642 2584 1794 2617 Histoire
1818 2591 1963 2626 qrecque

424 2638 577 2680 (Bouche
595 2636 769 2676 Leclercq')
788 2637 828 2674 ll,
845 2646 879 2677 p.
900 2636 970 2666 295.

463 2688 492 2718 2.
513 2684 701 2722 Plutarch„
723 2684 854 2721 Cimon,
874 2684 927 2714 lV.

464 2735 494 2765 3.
517 2732 705 2769 Plutarch,
737 2731 865 2768 Cimon,
887 2730 931 2762 IV
953 2740 959 2761 ε
980 2731 1034 2761 τὸν
1058 2730 1185 2771 πρῶτον
1211 2728 1321 2767 ἠδόξει
1351 2728 1468 2770 χρόνον
1502 2728 1533 2759 ἐν
1558 2729 1598 2768 τῇ
1628 2726 1738 2764 πόλει,
1770 2727 1825 2757 καὶ
1853 2727 1960 2762 κακῶς

421 2781 541 2819 ἤκουεν
556 2780 594 2814 ὡς
614 2780 753 2812 ἄτακτος
767 2779 822 2808 καὶ
843 2777 1074 2815 πολυπότης...
1090 2776 1196 2811 ’Ὀλως
1219 2776 1364 2817 φαίνεται
1385 2777 1450 2810 τοῖς
1465 2776 1537 2817 περὶ
1552 2776 1606 2809 τὰς
1625 2776 1776 2816 γυναῖκας
1797 2775 1960 2816 ἐρωτικοῖς

425 2828 441 2860 ὃ
460 2828 564 2869 Κίμων
586 2828 697 2868 ἔνοχος
714 2826 859 2867 γενέσθαι

465 2879 495 2908 4.
522 2875 706 2912 Plutarch„
732 2874 874 2911 Cimon.,
895 2873 939 2905 IV
963 2883 969 2904 τ
992 2872 1189 2914 Ἀστερίας...
1217 2873 1273 2902 καὶ
1294 2872 1460 2913 Μνήστρας
1479 2872 1563 2905 τινὸς
1583 2870 1599 2901 ὁ
1626 2871 1766 2908 ποιητὴς
1784 2868 1959 2904 Μελάνθιος

426 2923 618 2966 μνημονεύει
638 2923 718 2963 πρὸς
736 2923 790 2952 τὸν
812 2920 940 2961 Κίμωνα
956 2920 1077 2959 παίζων
1095 2919 1134 2951 δι’
1158 2919 1311 2961 ἐλεγείας,
1330 2919 1369 2954 ὡς
1384 2917 1652 2958 σπουδαζομένων
1673 2917 1726 2948 ὑπ’
1742 2917 1854 2948 αὐτοῦ.
