2125 3534
1052 281 1330 326 ,-46--

449 385 745 446 intelligenda
763 403 858 432 esse
879 389 1104 445 videntur,
1136 407 1240 436 cum
1267 393 1392 451 prius
1414 393 1466 437 de
1489 393 1674 436 Homeri
1708 393 1981 454 Pindarique

450 459 704 502 carminum
728 460 971 505 virtutihus
992 467 1152 522 agatur
1172 466 1200 507 1.
1231 465 1439 508 Fortasse
1468 465 1604 508 ctiam
1626 465 1738 508 Bato
1762 465 1982 525 Sinopen-

452 529 511 571 sis
532 529 580 572 in
601 530 713 574 libro
736 546 870 589 quem
891 540 969 591 περὶ
990 540 1111 583 Ἴωνος
1129 545 1191 577 τοῦ
1212 547 1362 589 ποιητοῦ
1384 536 1624 595 scripserat
1644 537 1659 561 2
1679 551 1772 579 non
1789 537 1906 580 nihil
1927 537 1980 580 de

450 599 572 643 Ionis
592 603 802 661 operibus
821 608 899 648 aut
920 606 1022 649 stilo
1044 607 1268 666 attigerat.

506 672 764 732 AEtatejam
786 677 1006 721 maturior
1035 678 1090 722 ad
1123 680 1341 738 tragicam
1369 683 1513 723 artem
1546 679 1736 723 accessit
1765 679 1861 724 Ion.
1891 679 1981 723 Tri-

448 742 574 800 ginta
612 746 733 788 enim
767 750 844 790 aut
869 749 1005 807 paulo
1037 750 1188 809 plures
1227 766 1370 795 annos
1398 754 1531 794 natus
1558 751 1752 810 primam
1782 751 1982 794 fabulam

447 829 577 858 suam
596 816 748 860 docuit
764 818 832 861 Ol.
856 821 910 862 82
939 823 1179 877 (452-448),
1202 826 1249 865 ut
1277 838 1330 865 ex
1353 822 1595 866 scholiasta
1622 826 1665 866 et
1691 823 1828 866 Suida
1849 838 1983 882 appa-

446 889 513 928 ret
534 886 562 929 ³.
598 886 728 939 Quod
750 892 900 933 autem
925 891 1063 935 fuerit
1088 892 1250 937 fabulae
1273 897 1595 952 argumentum
1622 894 1810 938 omnino
1832 894 1981 938 nesci-

444 971 562 1001 mus.
584 958 683 1002 Non
712 960 881 1004 destitit
900 962 981 1006 Ion
1000 964 1103 1007 inde
1125 980 1267 1023 usque
1286 965 1340 1008 ad
1358 966 1461 1009 vitae
1480 965 1617 1008 finem
1640 965 1820 1009 scenico
1839 965 1981 1009 labori

445 1027 549 1073 dare
571 1045 771 1089 operam,
797 1033 914 1091 quod
933 1035 1117 1092 quidem
1140 1051 1194 1079 ex
1221 1051 1272 1079 eo
1295 1036 1506 1080 concludi
1527 1040 1688 1095 potest,
1714 1036 1834 1094 quod
1854 1036 1981 1079 Aris-

444 1101 681 1159 tophanes,
703 1108 882 1147 mortuo
899 1104 995 1163 jam
1018 1110 1163 1165 poeta,
1189 1107 1301 1150 duos
1319 1122 1372 1150 ex
1400 1107 1498 1166 ejus
1518 1108 1751 1167 tragoediis
1779 1111 1982 1166 sumptos

443 1185 601 1216 versus
624 1175 760 1217 Ram's
776 1176 793 1200 4
820 1176 928 1230 suis,
953 1193 1074 1221 anno
1097 1178 1247 1236 406s5,
1276 1178 1467 1221 inseruit
1492 1193 1500 1222 :
1525 1179 1643 1237 quod
1671 1179 1870 1237 profecto
1889 1193 1982 1222 non

443 1240 637 1297 fecisset,
664 1245 752 1288 nisi
786 1249 882 1289 tum
904 1248 950 1291 in
971 1249 1325 1292 Atheniensium
1350 1250 1580 1293 mentibus
1610 1250 1829 1308 viguisset
1855 1249 1979 1292 Ionis

442 1312 702 1359 fabularum
720 1319 942 1362 memoria
963 1320 1069 1362 satis
1091 1335 1248 1363 recens
1265 1320 1297 1363 5.
1322 1348 1379 1353 —
1398 1321 1518 1373 Quot
1538 1337 1644 1365 vero
1666 1321 1840 1364 fabulas
1862 1321 1982 1363 intra

442 1385 528 1429 hoc
544 1386 636 1430 fere
655 1388 839 1446 triginta
860 1393 936 1433 aut
951 1391 1249 1450 quadraginta
1267 1407 1491 1436 annorum
1509 1392 1720 1451 spatium,
1740 1407 1827 1450 quo
1841 1385 1983 1434 altera*

441 1471 544 1515 pars
566 1456 662 1515 ejus
682 1458 784 1502 vitae
812 1461 1088 1513 continetur,
1119 1463 1362 1521 scripserit,
1387 1478 1480 1506 non
1511 1463 1803 1506 consentiunt
1832 1462 1977 1506 critici

439 1528 539 1581 viri,
565 1529 716 1587 etjam
738 1531 854 1589 apud
876 1535 1049 1575 veteres
1072 1533 1124 1576 de
1147 1533 1268 1577 Ionis
1288 1534 1546 1577 fabularum
1572 1549 1764 1577 numero
1780 1534 1979 1577 multum

438 1598 557 1643 inter
589 1615 633 1643 se
668 1601 844 1645 diversa
880 1602 1155 1647 ferebantur.
1194 1623 1213 1643 ‹<
1247 1605 1441 1648 Fabulas
1472 1603 1584 1663 ejus,
1617 1605 1766 1664 inquit
1799 1604 1974 1658 Suidas,

439 1670 678 1714 duodecim
714 1673 806 1726 alii,
836 1674 911 1716 alii
943 1675 1142 1733 triginta,
1174 1676 1475 1734 quadraginta
1507 1677 1584 1719 alii
1619 1691 1810 1719 numero
1839 1675 1977 1718 fuisse

438 1742 566 1785 aiunt
583 1745 597 1769 θ
623 1764 659 1787 ».
696 1745 807 1787 Eam
830 1745 955 1789 litem
975 1745 1186 1790 dirimere
1211 1747 1319 1790 dum
1342 1751 1532 1791 conatur
1552 1747 1776 1806 Koepkius
1799 1750 1841 1789 ct
1858 1746 1976 1789 inter

438 1828 484 1857 se
512 1814 811 1874 discrepantia
837 1831 1128 1875 componere,
1165 1817 1406 1861 duodecim
1439 1818 1486 1860 in
1509 1818 1665 1861 decem
1698 1821 1858 1870 mutat,
1889 1821 1977 1861 sta-

438 1885 610 1943 tuitque
641 1886 799 1929 Ionem
833 1887 988 1931 decem
1020 1896 1205 1947 τριλογίας
1236 1890 1562 1948 composuisse,
1592 1889 1754 1947 quibus
1783 1889 1976 1932 efficitur

437 1957 622 2015 triginta
642 1958 899 2002 fabularum
921 1974 1156 2013 numerus,
1176 1964 1252 2004 aut
1274 1960 1429 2004 decem
1450 1967 1694 2018 τετραλογίας,
1719 1960 1763 2003 id
1785 1963 1851 2003 cst
1870 1975 1976 2018 qua-

438 2027 644 2087 draginta
679 2029 881 2073 dramata
902 2032 931 2073 7.
964 2031 1024 2073 At
1054 2030 1157 2088 jure
1195 2031 1484 2075 Welckerius
1520 2031 1636 2074 hanc
1679 2030 1974 2089 computandi

437 2101 658 2144 rationem
696 2101 1000 2159 reprehendit,
1040 2106 1090 2145 ut
1119 2103 1535 2146 Alexandrinorum
1568 2102 1971 2161 grammaticorum

436 2171 754 2215 consuetudini
794 2172 1041 2216 admodum
1087 2173 1300 2226 alienam,
1342 2174 1658 2232 opinaturque,
1704 2188 1802 2231 quae
1836 2173 1971 2216 etiam

434 2246 588 2286 nostra
618 2244 841 2287 sententia
863 2248 944 2297 est,
975 2245 1158 2303 triginta
1184 2249 1263 2288 aut
1292 2245 1590 2304 quadraginta
1616 2244 1792 2287 fabulas
1814 2244 1971 2287 Ionem

434 2315 757 2373 composuisse,
791 2330 844 2359 ex
875 2316 1038 2374 quihus
1068 2316 1310 2360 duodecim
1340 2320 1519 2360 tantum
1552 2315 1969 2359 Alexandrinorum

471 2518 498 2548 1.
519 2517 663 2559 Diogen.
685 2517 811 2556 Laert„
830 2517 885 2556 VI,
907 2519 925 2549 4
947 2527 953 2549 :
974 2516 1069 2549 Ἴωνα
1088 2516 1120 2549 δὲ
1142 2518 1197 2549 καὶ
1217 2516 1453 2560 ἐχαρακτήριζε
1470 2517 1539 2553 νέος
1555 2517 1607 2549 ὤν.

470 2566 498 2595 2.
518 2565 718 2603 Athenaeus,
744 2566 780 2602 X,
804 2566 862 2597 436
883 2565 905 2596 f.

470 2614 498 2644 3.
521 2613 634 2645 Schol.
656 2613 834 2654 Aristoph.
857 2613 899 2644 ad
922 2614 1054 2651 Pacem,
1082 2623 1113 2644 v.
1138 2615 1195 2645 835
1217 2624 1223 2644 z
1247 2613 1365 2655 ’ἤρξατο
1396 2613 1500 2648 δὲτὰς
1524 2612 1698 2655 τραγῳδίας
1726 2610 1888 2644 διδάσκειν
1913 2610 1967 2644 ἐπὶ

428 2658 653 2701 ὀγδοηκοστῆς
674 2660 819 2701 δευτέρας
838 2660 1071 2700 Ὀλυμπιάδος,
1092 2662 1139 2692 Cf.
1163 2661 1299 2700 Suidas,
1322 2672 1348 2693 s.
1372 2671 1403 2692 v,
1429 2660 1511 2692 Ἴων.

467 2710 496 2738 4.
520 2708 634 2747 Ranoe,
656 2717 687 2738 v.
712 2709 768 2739 71]ss
789 2710 823 2739 et
841 2717 872 2738 V.
897 2709 986 2739 1425.

468 2756 495 2786 5.
517 2755 676 2787 Mortuus
696 2757 748 2786 est
768 2756 840 2793 Ion,
859 2757 898 2786 ut
914 2755 1007 2787 infra
1027 2755 1235 2794 videbimus,
1257 2765 1349 2787 anno
1368 2755 1508 2788 circiter
1526 2756 1582 2786 421
1603 2757 1684 2787 ante
1707 2754 1765 2787 Ch.
1786 2764 1819 2787 n.

467 2803 496 2833 6.
519 2802 655 2841 Suidas,
678 2813 704 2834 s.
724 2812 755 2833 v.
778 2802 860 2833 Ἴων.

468 2850 495 2881 7.
517 2850 662 2891 Koepke,
686 2849 888 2892 Zeitsclzrift
911 2851 937 2891 f.
959 2849 1124 2889 Alter—th„
1146 2851 1236 2891 1836,
1257 2856 1296 2882 n⁰
1325 2851 1373 2889 75,
1396 2860 1431 2893 p.
1451 2851 1519 2882 589.
1541 2850 1590 2882 Cf.
1611 2850 1786 2891 eumdem,
1808 2851 1849 2883 de
1865 2850 1959 2883 lonis

426 2896 497 2928 vita
515 2900 547 2929 et
566 2899 718 2938 Fraym„
741 2907 775 2939 p.
794 2898 823 2928 6.
1104 2927 1107 2931 ,
