2125 3534
881 274 1109 315 -57—

228 384 496 445 AEschylum
529 387 604 428 aut
639 382 924 442 Sophoclem,
961 386 1055 443 pios
1087 385 1204 427 viros
1234 382 1417 440 antiqua
1452 381 1685 424 sanctitate
1712 383 1754 423 et

230 456 447 515 religione
474 469 646 513 graveS,
678 468 898 496 novarum
921 455 1186 512 opinionum
1210 453 1396 495 minime
1424 455 1678 494 sectatores.

290 525 672 585 Diligentissimus
705 524 840 566 etiam
874 524 1009 567 fuisse
1046 525 1220 566 videtur
1255 524 1332 566 lon
1374 524 1417 565 in
1453 520 1755 564 describendis

232 598 434 655 gentium
450 599 523 638 aut
540 609 849 654 personarum,
872 610 981 651 quas
1001 596 1045 636 in
1065 610 1243 637 scenam
1268 593 1520 644 inducebat,
1544 591 1755 633 institutis

231 672 274 711 et
300 667 515 718 moribus,
543 670 600 718 et,
631 665 743 708 fidus
769 665 1003 723 interpres,
1028 666 1080 707 ad
1111 666 1308 707 veritalis
1331 663 1674 707 similitudimqn
1705 678 1755 704 ea

232 738 516 797 expressisse.
543 737 653 780 Cum
685 737 730 778 in
761 736 981 794 Omphala
1004 736 1166 779 incedit
1202 737 1364 779 chorus
1394 751 1445 778 ex
1468 734 1618 793 Lydiae
1654 748 1754 775 mu-

230 809 414 852 lieribus
456 807 748 866 compositu&
787 807 970 865 antiqua
1000 808 1199 850 carmina
1233 811 1411 850 eantare
1445 806 1621 852 dieitur,
1658 820 1755 861 quw,

231 896 310 940 pro
350 884 469 924 certo
499 879 662 922 habere
697 893 934 936 possumus
971 878 1126 921 10110111
1163 879 1207 920 111
1242 878 1348 920 Asia
1383 878 1474 935 ipsa
1513 875 1753 925 audivisse,

232 966 513 1010 quorumque
547 949 792 1007 imaginem
824 949 1173 992 Atheniensium
1202 950 1384 992 auribus
1414 948 1593 990 reddere
1621 961 1757 989 001111-

231 1023 362 1066 batur
395 1024 421 1065 ¹.
466 1021 735 1064 Nominatur
774 1024 814 1062 et
845 1021 891 1062 in
924 1019 1125 1077 ejusdem
1170 1020 1329 1063 1111111110
1359 1018 1621 1076 fragmentis
1655 1022 1759 1063 λυδὸς

235 1099 398 1151 μάγαδις,
428 1091 482 1135 ad
510 1090 638 1148 cujus
665 1091 881 1143 sonitum,
912 1095 959 1133 ut
986 1091 1077 1134 veri
1107 1091 1252 1133 simile
1278 1094 1357 1143 est,
1388 1093 1547 1133 cantus
1575 1088 1638 1130 1111
1662 1087 1760 1130 ede-

231 1164 408 1208 bantur.
447 1162 499 1205 In
538 1162 626 1204 alia
665 1162 833 1205 ineerta
868 1162 1033 1213 fabula,
1067 1177 1180 1205 anus
1207 1161 1410 1219 <planiam
1444 1159 1653 1218 Aigyptia
1686 1161 1759 1200 aut

232 1235 375 1294 Syria,
418 1237 495 1276 aut
525 1232 682 1292 Lydia.
719 1233 869 1276 vetula
902 1234 1069 1281 nutrix,
1107 1233 1213 1275 dum
1256 1232 1443 1290 supplex
1481 1235 1519 1273 el·
1555 1229 1760 1273 sordibus

232 1305 389 1348 induta
414 1304 575 1363 prodit,
606 1305 847 1362 quemdam
877 1304 1135 1363 indigenam
1168 1319 1339 1347 morem
1367 1306 1602 1348 memorat.
1628 1315 1759 1359 quem

200 1401 202 1403 >
231 1376 314 1420 Ion
341 1376 454 1419 bene
485 1380 630 1427 norat,
660 1380 709 1419 ut
740 1376 816 1434 qui
855 1376 972 1419 haud
1003 1376 1134 1419 dubie
1158 1376 1329 1418 vicinas
1357 1391 1430 1417 eas
1462 1378 1615 1432 gentes
1644 1372 1760 1414 invi-

231 1448 361 1491 sisset
383 1451 497 1490 auta
513 1447 778 1490 certissimis
799 1462 948 1489 rerum
974 1447 1158 1490 testibus
1182 1461 1274 1489 10111
1291 1445 1536 1488 audivisset
1557 1446 1584 1486 '-'.
1605 1443 1761 1485 Perso-
1804 1489 1810 1499 ¹

230 1533 392 1562 narum
414 1521 559 1561 vestes
580 1522 623 1560 et
644 1517 824 1560 habitus
854 1518 1053 1576 profecto
1077 1532 1180 1561 011111
1203 1517 1291 1559 illis
1315 1516 1516 1559 moribus
1540 1528 1761 1572 congrue-

231 1591 340 1634 bant
374 1604 382 1632 :
414 1604 576 1647 neque,
613 1589 789 1648 opinor,
838 1589 1194 1632 Atheniensibus
1233 1587 1536 1645 injucundum
1580 1588 1673 1629 erat
1716 1585 1763 1627 in

231 1662 403 1705 theatro
426 1676 507 1704 suo
529 1664 784 1704 exterarum
807 1660 1010 1718 gentium
1040 1663 1248 1703 ornatum
1276 1662 1632 1717 apparatumque
1655 1671 1763 1700 con-

236 1733 445 1792 templari
464 1733 498 1775 3.

295 1804 449 1856 Qualis
493 1804 627 1847 suerit
678 1803 724 1845 in
769 1802 1064 1861 depingendis
1112 1816 1405 1861 personarum
1448 1799 1677 1843 affectibus
1723 1802 1766 1841 ct

237 1875 410 1918 naturis
432 1875 468 1918 si
489 1874 828 1933 quaesiverimus
848 1874 923 1916 vix
945 1877 1077 1916 tenue
1101 1873 1254 1915 lumen
1275 1873 1427 1915 afferet
1448 1870 1764 1913 Eoecubitorum

237 1961 393 1990 versus
432 1946 485 1989 de
517 1961 605 2004 quo
643 1945 777 2004 paulo
817 1960 951 2003 supra
988 1944 1198 1987 diximus.
1235 1943 1472 1986 Monemur
1502 1946 1653 1985 tamen
1687 1940 1764 1983 illo

238 2017 433 2061 Hecubae
468 2017 645 2060 silentio
666 2018 682 2042 4
712 2016 811 2059 Ioni
844 2031 937 2059 non
970 2016 1156 2058 omnino
1191 2015 1315 2057 irrita
1353 2013 1570 2057 excidisse
1602 2011 1764 2056 veteris

238 2088 441 2147 magistri
474 2088 693 2146 exempla.
727 2088 784 2133 Ut
824 2086 1069 2145 AEschylus
1098 2101 1228 2145 saepe,
1264 2086 1327 2129 sie
1361 2085 1442 2128 Ion
1475 2084 1614 2128 semel
1649 2086 1767 2126 certe

237 2174 452 2218 personas
476 2159 603 2201 finxit
630 2159 678 2200 in
700 2173 834 2201 scena
865 2161 1030 2210 mutas,
1056 2172 1160 2201 cum
1184 2157 1230 2199 in
1252 2171 1407 2199 earum
1428 2159 1606 2215 pectore
1634 2154 1768 2198 vehe-

237 2230 434 2273 mentior
447 2230 610 2288 aliquis
632 2233 781 2273 motus
803 2229 1009 2272 oriretur.
1035 2229 1094 2271 At
1116 2227 1422 2287 periculosum
1444 2227 1501 2270 sit
1520 2226 1639 2270 ultra
1653 2225 1768 2269 velle

240 2301 502 2361 disquirere.

283 2462 308 2493 1.
330 2461 540 2503 Fragmenta
557 2462 593 2493 22
609 2463 641 2493 et
661 2462 699 2492 23
720 2471 775 2502 ap,
796 2459 927 2492 Nauck.
950 2469 1005 2501 op.
1031 2459 1122 2491 laud.

279 2511 308 2541 2.
327 2510 464 2551 Fragm.
487 2511 535 2547 54,
557 2519 612 2551 ap.
635 2509 755 2541 Nauck
778 2519 784 2539 :
806 2508 937 2546 ἐξῆλθον
960 2507 1044 2547 ὑμῶν
1064 2507 1161 2541 ἱκέτις
1185 2506 1336 2545 ἡὸώντων
1354 2506 1470 2548 τροφός

796 2555 917 2585 παίδων
941 2554 1070 2595 βόθρους
1085 2553 1230 2584 λιποῦσα
1247 2553 1490 2594 πενθητηρίους.

239 2603 287 2634 Cf.
304 2603 490 2642 Plutarch„
514 2602 686 2635 Consolal.
709 2602 754 2633 (nl
773 2601 943 2642 Apellen..
968 2604 1044 2632 133:
1065 2602 1186 2632 τούτων
1207 2603 1265 2642 γὰρ
1293 2602 1365 2642 (τῶν
1386 2599 1565 2641 Αἰγυπτίων
1584 2601 1638 2631 καὶ
1654 2599 1771 2642 Συρίων

238 2650 293 2679 καὶ
320 2648 438 2687 Λυδῶν)
456 2651 528 2684 τοὺς
556 2652 610 2690 μὲν
642 2649 683 2683 εἰς
703 2649 833 2690 βόθρους
865 2650 949 2683 τινὰς
973 2648 1172 2682 καταδύντας
1199 2648 1392 2687 ἱστοροῦσιν,
1422 2647 1474 2678 ἐπὶ
1497 2647 1629 2682 πλείους
1653 2648 1772 2689 ἡμέρας

239 2696 354 2736 μένειν,
375 2696 454 2736 μηδὲ
475 2698 512 2727 τὸ
539 2698 594 2727 τοῦ
617 2696 713 2734 ἡλίου
746 2698 807 2737 φῶς
825 2696 898 2737 ὁρᾶν
924 2696 1140 2738 βουλομένους
1159 2695 1271 2733 ἐπειδὴ
1291 2697 1345 2726 καὶ
1365 2695 1381 2726 ὁ
1407 2695 1646 2733 τετελευτηκὼς
1672 2696 1773 2726 ἀπεσ-

238 2743 368 2784 τέρηται
395 2744 523 2775 τούτου.
550 2744 618 2774 Ἴων
637 2742 690 2774 οὖν
712 2743 728 2774 ὁ
756 2745 907 2784 τραγικὸς
927 2746 1077 2781 ποιητὴς,
1097 2743 1156 2774 οὐκ
1178 2742 1313 2781 ἀνήκοος
1343 2743 1382 2773 ὢν
1404 2744 1460 2781 τῆς
1478 2743 1597 2774 τούτων
1619 2742 1772 2781 εὐηθείας,

240 2790 403 2828 πεποίηκε’
422 2801 494 2821 τινα
515 2791 674 2831 λέγουσιν
694 2801 700 2807 ·
719 2790 850 2828 ἐξῆλθον
875 2802 906 2822 ⁷..
930 2802 958 2822 τ.
981 2790 1013 2822 λ.

280 2838 310 2869 3.
330 2838 378 2869 Ι)0
388 2838 481 2870 Ionis
495 2848 725 2880 personarum
735 2838 831 2869 cultu
841 2839 874 2870 et
886 2838 1052 2876 vestihuS,
1063 2838 1104 2869 cf.
1117 2838 1325 2880 Fragmenta
1333 2838 1383 2877 25,
1396 2839 1433 2869 59
1444 2837 1590 2879 (Nauck,
1600 2847 1656 2880 op.
1666 2836 1774 2878 laud.)

280 2887 310 2916 4.
334 2885 419 2918 Vide
445 2895 565 2927 supra,
587 2896 619 2927 p.
644 2887 692 2923 52,
711 2885 955 2918 Eascubitorzmz
977 2895 1126 2918 versum.
