2125 3534
773 714 960 760 CAPUT
993 717 1051 760 IV

679 937 744 980 Du
777 936 892 980 onls
925 953 1152 980 'PRAGOEDHS

203 1218 284 1262 Ion
315 1222 572 1278 postquam,
610 1219 823 1262 restincto
846 1219 1032 1277 paulum
1069 1221 1211 1263 wtalis
1249 1221 1436 1273 fervore,
1468 1220 1674 1263 civilibus

149 1290 471 1334 certaminibus
490 1289 705 1332 valedixit
732 1290 1018 1348 partiumque
1047 1291 1368 1344 simultatibus,
1386 1291 1438 1334 ad
1464 1291 1677 1333 litteraria

147 1360 317 1404 ludicra
341 1376 386 1404 se
408 1360 587 1404 videtur
607 1361 893 1419 applicuisse,
921 1365 1037 1404 totus
1056 1361 1151 1419 jam
1176 1363 1219 1404 in
1247 1363 1349 1414 illis,
1374 1378 1520 1420 noque
1540 1362 1676 1404 ullius

147 1432 210 1475 rei
233 1432 320 1475 nisi
348 1431 493 1475 laudis
513 1432 698 1490 poeticae
720 1448 881 1475 avarus
904 1446 911 1474 ε
937 1448 1072 1490 quam
1101 1434 1299 1491 quidem,
1324 1438 1372 1476 ut
1390 1433 1506 1492 apud
1528 1448 1676 1489 {equa—

146 1502 212 1546 les
245 1518 364 1555 SUOS,
402 1503 462 1546 ita
489 1502 606 1562 apud
646 1507 849 1562 posteros
883 1503 1068 1562 adeptus
1100 1508 1180 1547 est.
1218 1504 1269 1547 ln
1303 1505 1455 1547 multis
1490 1518 1677 1562 operum

146 1574 386 1633 generibus
418 1578 636 1627 versatus,
667 1575 885 1633 tragoedia
913 1579 1062 1617 tainen
1086 1576 1307 1634 praeoipue
1331 1576 1493 1628 floruit,
1521 1576 1565 1617 in
1593 1589 1680 1632 qua

145 1650 359 1703 περιὸόητος
385 1651 537 1702 ἐγένετο,
562 1648 611 1687 Ut
643 1646 895 1689 scholiasta}
922 1646 1063 1693 aiunt,
1096 1654 1152 1688 καὶ
1171 1653 1261 1689 πανὺ
1283 1652 1429 1701 δόκιμος
1445 1654 1488 1698 ἦν
1514 1653 1540 1688 ¹.
1567 1646 1679 1688 Cum

146 1716 340 1760 Athenis
371 1720 493 1759 tanta
532 1717 807 1774 tragicorum
842 1721 1076 1775 poetarum
1118 1718 1246 1775 copia
1280 1717 1513 1769 exstiterit,
1562 1717 1679 1759 inter

147 1803 257 1847 quos
275 1787 577 1847 plurimorum
596 1787 716 1831 haud
732 1788 922 1831 obscura
937 1790 1123 1831 nomina
1143 1789 1282 1840 suere,
1305 1788 1426 1830 solus
1448 1788 1544 1839 Ion,
1577 1802 1680 1830 eum

146 1858 312 1902 Achaeo
328 1859 574 1901 Eretriensi
597 1858 760 1917 dignus
777 1859 955 1901 habitus
972 1863 1038 1901 est
1054 1859 1128 1917 qui
1146 1860 1192 1901 in
1206 1859 1482 1917 tragicorum
1505 1872 1679 1901 canone

148 1929 201 1973 ab
222 1929 509 1973 Alexandriae
531 1930 841 1988 grammaticis
863 1934 962 1988 post
997 1934 1082 1973 tres
1117 1930 1219 1973 illos
1250 1933 1511 1988 praestantes
1543 1929 1679 1981 viros,

147 2000 431 2060 AEsehylum,
455 2000 742 2059 Sophoclem,
767 2001 1047 2059 Euripidem,
1068 2001 1404 2044 inscriberetur.
1424 2000 1552 2044 Multi
1573 2015 1681 2058 prze-

148 2075 269 2115 terea
287 2071 407 2115 docti
433 2071 518 2115 viri
537 2072 697 2115 litteris
717 2072 853 2115 dediti
876 2073 922 2115 in
954 2071 1213 2129 judicandis
1243 2070 1339 2129 ejus
1364 2071 1527 2114 fabulis
1560 2071 1684 2129 inge-

150 2143 215 2186 nii
237 2143 305 2187 sui
323 2158 517 2186 acumen
539 2158 747 2187 exercere
765 2159 857 2187 non
880 2143 1199 2187 dubitaverunt
1222 2156 1230 2184 :
1256 2143 1372 2185 inter
1390 2158 1499 2200 quos
1519 2142 1684 2200 Epige-

152 2229 232 2259 nes
251 2215 281 2264 ⁶²,
325 2214 616 2258 Aristarchus
649 2215 724 2257 ille
759 2215 1026 2258 Homericus
1049 2217 1062 2239 ³³
1093 2217 1135 2257 et
1163 2213 1384 2272 Didymus
1405 2214 1434 2256 4.
1470 2213 1684 2256 Callima-

152 2286 264 2330 chus
305 2286 440 2329 etiam
480 2285 532 2329 de
569 2286 677 2329 Ione
722 2286 993 2329 meminerat
1026 2286 1071 2329 in
1113 2285 1436 2328 choliambis5.
1481 2284 1685 2342 Denique

153 2356 450 2416 philosophus
495 2357 775 2409 Arcesilaus,
817 2358 865 2401 in
905 2357 1231 2409 adolescentia,
1279 2371 1383 2400 eum
1436 2355 1687 2398 litterarum

153 2443 306 2471 amore
326 2429 520 2480 floreret,
553 2434 967 2487 ”Ιι.)ναέχαρακτήριζε;
999 2444 1095 2487 quae
1130 2428 1282 2481 verba,
1319 2427 1401 2470 etsi
1428 2426 1688 2470 obscuriora

154 2501 274 2553 sunt,
305 2498 358 2542 de
390 2499 714 2557 tragoediarum
748 2503 825 2543 aut
860 2500 1115 2543 carminum
1158 2499 1281 2542 Ionis
1320 2497 1690 2557 interpretatione

198 2629 225 2661 1.
249 2628 362 2661 Schol.
385 2628 428 2660 ad
451 2628 696 2670 Aristophanis
713 2631 843 2667 Pacem,
864 2639 894 2660 V.
915 2630 983 2661 835.

197 2678 225 2707 2.
246 2676 445 2713 Athenaeus,
467 2676 521 2713 XI,
542 2678 600 2707 468
623 2677 656 2708 C.
679 2676 726 2708 Cf.
746 2677 897 2715 Lobeok,
920 2675 1193 2717 Aylaoplaanvw,
1214 2685 1247 2717 p.
1273 2676 1342 2707 340.

198 2725 226 2755 3.
248 2724 447 2761 Athenaeus,
466 2723 551 2761 XIV,
571 2724 627 2754 634
650 2725 682 2755 C.

196 2772 226 2801 4.
245 2771 446 2808 Athenaeus,
468 2770 523 2808 XI,
544 2771 602 2801 468
623 2772 668 2809 Ι);
690 2771 776 2809 XIV,
801 2772 858 2802 634
878 2772 902 2802 Ε
920 2782 926 2802 ;
955 2771 984 2802 ἐν
1008 2772 1076 2805 ταῖς
1105 2772 1184 2812 πρὸς
1213 2770 1306 2801 Ἴωνα
1326 2766 1589 2809 ἀντεξηγήσεσιν,
1614 2774 1691 2807 quae

158 2818 322 2850 videntur
345 2818 412 2852 ταῖς
434 2816 646 2859 Ἀριστάρχου
667 2818 839 2859 ἐξτ,γήπεσι
860 2819 1094 2860 respondisse.

199 2866 227 2896 5.
248 2865 360 2897 Sehol.
384 2863 426 2896 ad
445 2863 622 2906 Aristoph.
650 2866 783 2903 Pacem,
807 2875 836 2896 v.
860 2866 940 2897 835:
960 2866 1121 2906 μέμνηται
1146 2863 1246 2895 αὐτοῦ
1267 2865 1322 2895 καὶ
1342 2861 1555 2904 Καλλίμαχος
1575 2860 1606 2892 ἐν
1627 2861 1693 2895 τοῖς

158 2912 372 2955 χωλιάμὸοις.

1552 2988 1568 3012 4
