2125 3534
858 276 1089 317 —85—

207 385 295 428 nisi
324 384 436 428 forte
466 384 520 427 ad
565 385 721 429 Ionem
757 384 971 443 Soplzistoe
994 385 1154 428 *locum
1195 384 1375 436 reseras,
1396 384 1441 426 in
1480 399 1567 442 quo
1604 384 1729 428 Plato

207 459 378 499 veteres
407 455 698 514 philosophos
721 470 879 515 parum
910 456 1022 497 serio
1052 456 1223 498 locutos
1247 470 1341 497 esse
1369 455 1428 497 ait
1449 459 1492 498 et
1519 456 1729 513 gravibus

206 526 313 570 viris
363 525 549 569 fabellas
592 526 888 574 enarravisse.
931 540 1027 583 qua}
1069 525 1122 567 ad
1154 525 1442 568 oblectandos
1487 541 1727 584 puerorum

205 597 380 640 animos
407 596 518 639 ficta»,
545 611 641 640 esse
662 596 942 647 viderentur3
968 610 1158 654 quorum
1181 611 1312 647 unus,
1344 595 1504 654 inquit,
1530 597 1612 638 tria
1632 611 1726 640 esse

203 675 246 710 τὰ
266 673 347 710 ὄντα
367 666 487 719 dicit,
517 671 560 710 et
581 682 738 711 eorum
769 666 920 724 aliqua
941 681 1061 709 nunc
1083 667 1196 708 inter
1219 681 1264 709 sc
1289 682 1487 724 pugnare
1510 666 1726 724 quodam—

205 738 354 791 modo,
383 752 519 789 nunc,
556 738 643 781 icto
671 738 879 781 amicitia}
919 737 1098 789 findere„
1136 737 1314 795 nuptias
1348 737 1587 789 celebrare,
1625 753 1725 796 pro-

205 824 355 853 creare
377 824 539 868 pueros
558 812 600 851 et
620 809 882 868 progeniem
903 823 1030 851 suam
1051 808 1238 851 educare
1262 810 1287 850 ¹.
1314 809 1498 851 Minime
1520 808 1726 866 equidem

204 881 341 923 mirer
380 879 462 923 sub
502 879 704 923 Platonis
745 880 947 938 figuratis
983 879 1128 922 verbis
1169 879 1302 922 latero
1344 878 1567 936 poeticum
1607 877 1728 920 Ionis

204 950 426 994 scribendi
448 965 608 1009 genuS,
644 951 898 1008 imaginum
927 950 1112 993 fortasse
1142 954 1184 991 et
1215 949 1564 992 similitudinum
1587 949 1727 1006 magis

203 1036 337 1080 quam
355 1021 683 1065 abstrusiorum
705 1021 1061 1080 disputationum
1081 1021 1262 1064 curiosi.

259 1093 511 1150 Utcumque
545 1108 590 1135 se
619 1106 688 1135 res
712 1092 858 1145 habet,
884 1091 1046 1149 conjici
1069 1095 1212 1150 potest
1233 1106 1323 1134 non
1354 1091 1460 1149 ipsis
1482 1091 1535 1133 iis
1566 1105 1725 1149 corpo-

201 1163 288 1206 reis
311 1163 548 1206 elementis
566 1163 724 1207 Ionem
746 1163 973 1222 propriam
995 1163 1253 1206 facultatem
1277 1163 1498 1214 tribuisse,
1524 1177 1610 1220 qua
1631 1177 1725 1205 sese

200 1238 435 1278 moverent
452 1237 495 1277 et
514 1234 569 1277 ad
591 1234 850 1278 formandas
872 1235 1017 1277 varias
1036 1249 1103 1277 res
1125 1249 1170 1276 se
1192 1233 1464 1276 ordinarent.
1488 1233 1727 1292 Coeperant

196 1305 291 1364 jam
320 1308 417 1348 tum
444 1306 703 1364 philosophi
732 1306 779 1348 in
815 1305 1093 1349 illustrandis
1121 1305 1326 1348 oninium
1356 1319 1505 1347 rerum
1539 1305 1724 1363 primor-

199 1376 284 1419 diis
316 1376 431 1420 vires
458 1376 675 1435 quasdam
702 1376 929 1428 adhibere,
967 1378 1020 1420 al)
1054 1377 1177 1420 omni
1209 1376 1495 1420 concretione
1530 1375 1724 1418 materia·

199 1446 450 1505 sejunctas,
484 1451 534 1490 ut
562 1455 681 1506 φιλίαν
713 1452 756 1491 et
790 1460 902 1496 νεῖκος
934 1448 1244 1507 EmpedocleS,
1283 1457 1361 1489 νοῦν
1405 1448 1721 1504 Anaxagoras;

199 1533 345 1576 neque
366 1519 536 1562 mirum
557 1519 614 1562 sit
639 1519 796 1562 Ionem
818 1520 864 1562 in
884 1530 1073 1577 τριαγμοῖς
1097 1519 1150 1562 ad
1173 1517 1375 1576 ejusdem
1404 1517 1581 1576 generis
1608 1516 1724 1559 vires

199 1589 457 1648 confugisse
487 1604 495 1632 :
521 1605 712 1648 quarum
741 1591 929 1649 vestigia
951 1591 1062 1633 mihi
1084 1589 1238 1633 videor
1258 1589 1303 1631 in
1325 1588 1426 1631 libri
1447 1587 1646 1640 exordio,
1669 1587 1722 1629 ab

197 1661 552 1719 Harpocratione
590 1661 719 1705 nobis
759 1662 921 1705 tradito
949 1663 980 1714 ⁹2,
1019 1660 1365 1719 deprehendere.
1408 1678 1427 1698 «
1463 1659 1557 1702 Hoc
1591 1658 1719 1710 mihi,

200 1750 218 1770 «
243 1731 483 1790 scripserat
508 1731 604 1785 Ion,
629 1732 943 1791 disputationis
972 1732 1246 1791 principium
1275 1745 1282 1774 :
1307 1731 1460 1774 omnia
1474 1730 1558 1772 tria
1579 1743 1722 1787 neque

200 1822 219 1842 «
244 1803 344 1862 plus
363 1818 508 1861 neque
530 1804 683 1847 minus
705 1819 840 1862 quam
862 1804 955 1847 haze
975 1804 1083 1856 tria3
1108 1803 1243 1846 unius
1264 1801 1482 1860 cujusque
1504 1800 1567 1844 rei
1585 1800 1723 1843 virtu-

199 1893 218 1914 «
242 1878 332 1918 tem
351 1875 458 1918 trias
480 1875 616 1918 efficit
637 1889 645 1917 :
674 1875 935 1928 intellectus,
957 1875 1020 1918 vis
1039 1883 1079 1918 et
1098 1876 1284 1933 fortuna
1306 1893 1342 1916 ».

254 1946 353 1998 Qua
372 1960 478 1989 vero
501 1946 672 1989 ratione
693 1946 777 1989 sibi
800 1946 1121 2005 responderent
1142 1945 1245 1989 hinc
1265 1959 1354 1997 aer,
1380 1944 1497 2003 ignis
1519 1946 1561 1986 et
1586 1946 1718 1995 terra,

195 2017 322 2060 illinc
344 2017 614 2071 intellectus,
644 2018 711 2060 vis
739 2021 782 2061 et
808 2018 1002 2070 fortuna,
1036 2018 1260 2061 incertum
1289 2020 1367 2059 est.
1394 2015 1524 2058 Haud
1545 2014 1636 2058 scio
1665 2029 1723 2057 an

194 2092 346 2131 tamen
378 2091 524 2132 tantas
554 2089 761 2133 tenebras
797 2090 897 2132 luce
927 2090 1076 2147 aliqua
1110 2089 1334 2132 illustrent
1368 2103 1465 2145 qua).
1496 2086 1720 2144 Diogenes

193 2159 505 2218 Apolloniates
524 2160 725 2209 docebat,
744 2176 906 2219 nempe
921 2168 1041 2213 νόησιν
1064 2161 1209 2203 inesse
1231 2160 1337 2211 aeri,
1357 2162 1400 2202 et
1417 2158 1470 2201 ab
1493 2173 1544 2201 eo
1566 2157 1718 2200 omnia

195 2229 453 2289 gubernari,
476 2232 630 2274 omnia
650 2230 747 2289 ejus
766 2232 954 2290 imperio
972 2232 1114 2275 teneri
1135 2233 1165 2274 ³.
1190 2230 1461 2288 Quanquam
1488 2229 1609 2272 enim
1627 2242 1719 2271 non

236 2409 263 2438 1.
289 2407 396 2446 Plato,
422 2407 594 2449 Sophista,
612 2409 682 2448 242,
702 2408 722 2439 d
743 2418 749 2439 :
769 2408 866 2448 μῦθόν
882 2419 953 2438 τινα
968 2408 1102 2443 ἕκαστος
1123 2408 1267 2450 φαίνεταί
1283 2419 1336 2448 μοι
1353 2407 1528 2448 διηγεῖσθαι
1545 2407 1656 2437 παισὶν
1683 2406 1722 2441 ὡς

195 2453 283 2486 οὖσιν
295 2454 384 2495 ἡμῖν,
405 2454 421 2486 ὁ
438 2457 493 2495 μὲν
510 2455 548 2490 ὡς
563 2456 633 2497 τρία
648 2457 687 2486 τὰ
704 2455 791 2492 ὄντα,
808 2456 948 2496 πολεμεῖ
962 2456 993 2487 δὲ
1009 2456 1165 2494 ἀλλήλοις
1183 2456 1283 2487 ἐνίοτε
1302 2456 1405 2486 αὐτῶν
1424 2456 1504 2485 ἅττα
1525 2466 1582 2495 πῃ,
1600 2454 1674 2485 τότε
1690 2453 1721 2484 δὲ

193 2503 249 2532 καὶ
270 2501 349 2543 φίλα
365 2502 540 2543 γιγνόμενα
558 2504 679 2543 γάμους
696 2513 729 2533 τε
750 2504 805 2533 καὶ
820 2503 936 2538 τόκους
957 2504 1011 2533 καὶ
1026 2504 1142 2545 τροφὰς
1156 2505 1216 2534 τῶν
1233 2503 1371 2544 ἐκγόνων
1390 2503 1567 2544 παρέχεται
1591 2512 1596 2518 ·
1613 2500 1668 2531 δύο
1690 2500 1722 2530 δὲ

195 2549 299 2591 ἕτερος
317 2549 414 2580 εἰπών
429 2561 460 2581 κ.
483 2560 510 2581 τ.
527 2549 559 2581 λ.

234 2598 263 2628 2.
284 2597 486 2638 Harpocrat.
505 2607 531 2629 s.
548 2607 579 2628 v.
597 2597 677 2628 Ἴων.
694 2597 966 2639 Corruptissima
981 2597 1266 2639 Harpocrationis
1283 2598 1390 2629 verba
1410 2597 1452 2628 ad
1467 2606 1530 2628 nos
1550 2604 1720 2638 pervene—

194 2646 289 2682 runt,
301 2653 378 2685 quae
393 2644 454 2682 sic,
473 2646 553 2686 post
566 2644 778 2676 Lobeckiuin
793 2646 825 2676 et
840 2645 1034 2676 Bentleiuin
1050 2645 1202 2676 restituit
1220 2645 1252 2676 C.
1269 2645 1456 2676 Muellerus
1470 2645 1626 2682 (Fr-aym.
1641 2643 1721 2673 His-

197 2691 294 2723 torz'c.
312 2691 427 2729 Graec„
454 2692 494 2729 ΙΙ,
510 2701 543 2732 p.
557 2692 609 2732 49)
626 2701 631 2721 :
656 2691 740 2732 ἀρχὴ
753 2691 810 2729 ἥδε
834 2702 888 2731 μοι
905 2694 961 2722 τοῦ
984 2691 1086 2732 λόγου
1105 2702 1111 2708 ·
1139 2692 1246 2722 πάντα
1271 2691 1342 2732 τρία
1362 2693 1417 2721 καὶ
1435 2691 1507 2721 οὔτε
1526 2690 1626 2720 πλέον
1648 2689 1721 2720 οὔτε

195 2738 335 2769 ἔλασσον
360 2739 480 2769 τούτων
498 2740 602 2780 τριῶν.
620 2738 704 2773 Ἐνὸς
727 2738 866 2769 ἑκάστου
890 2738 985 2780 ἀρετὴ
1006 2739 1102 2780 τρίας,
1125 2739 1247 2773 σύνεσις
1267 2740 1321 2769 καὶ
1341 2740 1456 2780 κράτος
1481 2739 1536 2768 καὶ
1558 2738 1656 2778 τύχη.

236 2786 264 2816 3.
287 2786 457 2827 Diogenes
479 2785 639 2827 Apollon.
661 2785 753 2827 apud
772 2786 1000 2827 Simplicium,
1018 2786 1053 2817 in
1073 2786 1268 2818 Aristotelis
1289 2786 1435 2827 Plryssiv..
1452 2787 1503 2823 33,
1524 2795 1543 2816 a
1563 2795 1570 2815 :
1593 2783 1646 2814 καί
1664 2793 1718 2823 μοι

195 2832 300 2863 δοκέει
318 2834 354 2864 τὸ
377 2835 434 2871 τὴν
454 2833 564 2871 νόησιν
587 2832 662 2874 ἔχον
683 2830 761 2863 εἶναι
783 2832 799 2863 ὁ
829 2832 887 2874 ἀὴρ
908 2833 1104 2873 καλεόμενος
1123 2834 1186 2864 ὑπὸ
1207 2835 1267 2863 τῶν
1290 2833 1469 2874 ἀνθρώπων,
1490 2834 1543 2863 καὶ
1564 2831 1626 2862 ὑπὸ
1648 2831 1721 2861 τού-

195 2889 252 2911 του
267 2880 372 2912 πάντα
389 2881 444 2911 καὶ
461 2879 670 2921 κυὸερνᾶσθαι
685 2881 740 2910 καὶ
758 2881 883 2911 πάντων
901 2881 1056 2923 κρατέειν,
1075 2880 1138 2912 ἀπὸ
1156 2882 1212 2923 γάρ
1229 2891 1282 2923 μοι
1301 2881 1417 2913 τούτου
1433 2881 1537 2912 δοκέει
1554 2880 1625 2913 νόος
1641 2876 1719 2909 εἶναι
