2125 3534
910 262 1138 303 -39-

320 370 448 414 Haud
476 370 683 429 equidem
704 384 775 413 me
797 370 910 413 fallit
932 372 1176 430 sa=pissime
1197 387 1221 414 a
1245 370 1567 415 commiliarum
1590 369 1785 413 auctori-

261 442 345 485 bus
368 442 606 485 inductum
633 456 729 485 esse
764 455 971 487 voracem
1007 443 1262 485 Herculem.
1290 444 1344 485 At
1381 443 1425 484 in
1451 457 1501 484 eo
1533 442 1666 483 etiam
1701 441 1788 483 alia

263 512 498 555 exstabant
518 512 640 561 vitia,
662 511 779 553 inter
796 526 891 569 qua¹
916 513 1149 555 notissima
1165 517 1257 555 erat
1277 518 1316 556 et
1334 526 1449 571 sa1pe
1472 511 1703 554 decantata
1724 512 1789 554 in-

262 598 373 642 gens
389 582 629 626 libidinum
645 582 1005 640 intemperantia,
1025 599 1159 642 quam
1178 600 1266 627 uon
1283 583 1443 628 comici
1461 587 1634 626 tantuin
1652 582 1789 640 scrip-

262 658 395 705 tores,
429 653 505 696 sed
539 653 674 696 etiam
704 654 859 711 tragici
896 654 1013 696 haud
1039 656 1174 698 semel
1207 659 1514 698 attrectavere.
1543 654 1604 695 Ex
1640 653 1789 695 herois

197 782 199 785 Ι
261 724 491 767 amoribus
517 723 762 782 Sophocles
786 725 1118 768 Traeleim'armn
1151 730 1469 783 argumentum
1504 726 1784 781 sumpserat:

261 794 365 838 inde
401 798 441 837 et
471 794 627 837 Ionem
661 794 866 852 suspicor
900 796 1143 853 satyricum
1180 811 1310 839 suum
1341 802 1452 854 opus
1484 794 1785 852 descripsisse.

263 865 376 909 Cum
411 865 533 908 enim
569 866 684 908 inter
718 865 958 908 Herculem
994 870 1033 908 et
1076 867 1299 910 'Periclem
1346 866 1544 908 studeret
1593 865 1789 921 aliquam

262 950 443 979 morum
474 935 819 978 similitudinem
842 936 1069 995 et'tingere,
1103 953 1192 980 nou
1225 941 1395 995 poterat
1421 937 1466 978 in
1496 948 1790 994 personarum

265 1006 538 1059 heluatione,
563 1010 779 1064 tanquam
801 1007 845 1048 in
869 1022 912 1049 re
930 1008 1169 1066 prwcipua,
1196 1007 1428 1050 immorari
1451 1020 1458 1048 :
1482 1021 1576 1063 quw
1601 1006 1644 1047 in
1668 1005 1792 1048 Peri—

265 1077 332 1121 cle
353 1077 542 1120 omnino
566 1077 693 1120 nulla
715 1081 822 1129 erat,
852 1081 902 1120 ut
928 1082 1077 1136 aperte
1100 1094 1123 1121 a
1149 1078 1391 1120 Plutarcho
1414 1076 1681 1127 declaratur,
1718 1075 1792 1133 qui

266 1148 433 1191 summi
449 1148 533 1190 viri
549 1148 719 1191 victum
736 1148 854 1206 frugi
875 1148 1011 1191 fuisse
1033 1149 1088 1191 ait
1111 1153 1148 1191 et
1168 1165 1191 1191 a
1208 1149 1429 1191 conviviis
1448 1147 1794 1205 compotationi-

263 1219 436 1276 busque
455 1219 515 1261 ita
536 1218 754 1270 alienum,
778 1223 842 1271 ut,
868 1219 1083 1277 quamdiu
1106 1220 1179 1261 ille
1203 1219 1395 1262 civitatis
1426 1233 1494 1261 res
1521 1217 1791 1267 tractaverit,

266 1289 439 1333 tamdiu
473 1304 709 1347 nunquam
745 1290 868 1333 visus
900 1291 955 1332 sit
978 1291 1095 1333 inter
1119 1291 1351 1349 epulantes
1379 1290 1547 1332 amicos
1574 1288 1791 1340 assidens,

266 1376 322 1405 ne
344 1361 515 1404 scilicet
537 1361 736 1403 liberiori
760 1361 1009 1404 laetantium
1033 1362 1258 1405 festivitati
1283 1361 1545 1419 dignitatem
1574 1375 1701 1402 suam
1729 1364 1794 1402 at-

266 1447 352 1490 que
380 1432 666 1474 severitatem
689 1431 929 1489 objectaret
959 1434 983 1474 ¹.
1010 1432 1307 1484 Quotidianos
1333 1436 1482 1475 autem
1511 1431 1668 1473 domus
1700 1429 1796 1487 ejus

267 1507 475 1562 sumptus
498 1503 557 1544 ita
580 1502 782 1545 modicos
807 1503 942 1545 fuisse
972 1507 1162 1548 constat,
1187 1508 1233 1546 ut
1267 1507 1446 1561 propter
1471 1500 1798 1560 parcimoniam'

264 1575 330 1617 illi
355 1576 676 1617 succenserent
694 1574 938 1632 aliquando
959 1573 1126 1632 conjux
1153 1578 1194 1617 et
1217 1574 1344 1616 liberi
1368 1575 1395 1615 2.
1423 1572 1538 1624 Quid
1563 1574 1699 1614 vero?
1721 1571 1797 1613 Bi-

265 1645 424 1689 bacem
457 1648 611 1688 noster
640 1659 745 1687 eum
773 1644 1039 1697 induxisset,
1074 1645 1147 1702 qui
1180 1659 1413 1703 nunquam
1446 1643 1588 1686 bibit?
1614 1641 1797 1685 edacem

268 1716 342 1775 qui
372 1716 520 1759 lautos
552 1730 815 1758 mensarum
845 1719 1086 1774 apparatus
1117 1730 1296 1774 semper
1319 1714 1519 1773 respuit?
1540 1714 1626 1756 Fac
1656 1712 1797 1755 Athe-

268 1788 448 1831 nienses
470 1787 762 1845 quantumvis
784 1787 921 1830 fuisse
940 1787 1198 1845 ingeniosos
1220 1791 1261 1829 et
1281 1789 1502 1829 emunctae
1518 1785 1639 1827 naris
1655 1783 1798 1827 homi-

268 1872 380 1902 nes:
418 1858 499 1901 sub
526 1858 636 1901 ebrii
669 1858 817 1916 speeie
852 1873 1087 1916 nunquam
1109 1858 1308 1917 profecto
1340 1856 1632 1916 agnovissent
1665 1868 1798 1913 quem

267 1945 361 1973 non
380 1930 468 1972 nisi
496 1929 698 1972 sobrium
726 1928 958 1987 adspicere
981 1933 1107 1972 erant
1126 1928 1259 1971 soliti.

328 2000 458 2054 Quod
479 2000 515 2042 si
536 1999 744 2042 Herculis
773 1999 969 2058 effigiem
998 2001 1058 2042 ita
1086 2003 1238 2042 noster
1265 1998 1552 2042 adumbravit
1579 2000 1628 2041 ut
1648 1995 1704 2039 ad
1731 2010 1800 2038 res

269 2072 509 2116 amatorias
542 2074 646 2113 ante
670 2071 823 2113 omnia
857 2086 953 2114 esse
987 2085 1238 2129 propensus
1272 2069 1514 2121 videretur,
1552 2068 1651 2126 quis
1685 2067 1802 2109 inter

271 2146 544 2202 spectatores
566 2142 676 2185 adeo
696 2141 833 2185 hebes
857 2146 1028 2201 poterat
1049 2142 1277 2193 exsistere,
1299 2141 1407 2199 quin
1427 2139 1508 2183 sub
1531 2140 1631 2182 ficta
1653 2137 1802 2180 herois

272 2230 465 2275 persona
484 2230 639 2258 veram
661 2215 795 2257 aliam
823 2213 961 2256 latere
988 2213 1235 2271 imaginem
1262 2212 1548 2269 intelligeret,
1580 2210 1616 2252 si
1650 2208 1798 2261 modo,

273 2286 392 2345 quod
418 2286 478 2329 ita
508 2286 647 2329 fuisse
673 2284 775 2343 jure
800 2285 902 2327 licet
928 2283 1169 2341 conjicere,
1190 2283 1377 2326 Periclis
1405 2282 1495 2325 oris
1529 2281 1804 2324 lineamenta

273 2357 370 2417 ipso
391 2356 555 2400 actoris
575 2356 704 2399 vultu
722 2356 958 2399 artificiose
981 2355 1191 2398 simulato
1213 2353 1522 2405 redderentur,
1547 2352 1582 2394 si
1604 2351 1804 2410 corporis

274 2427 467 2479 habitus,
500 2426 722 2469 sermonis
754 2440 912 2484 genuS,
943 2426 1102 2484 eapitis
1122 2431 1409 2484 κεφαληγερέτου
1440 2423 1701 2466 immanitas
1736 2436 1804 2464 re-

274 2500 694 2559 praesentarentur?
740 2498 848 2549 Quae
898 2497 1052 2540 omnia
1101 2501 1285 2540 externa
1338 2496 1506 2539 indicia
1559 2495 1654 2553 ipsa
1706 2507 1805 2535 mo-

275 2585 376 2614 rum
397 2569 693 2612 similitudine
716 2568 1113 2612 confirmabantur.
1132 2568 1314 2612 Jamdiu
1335 2568 1458 2611 enim
1479 2570 1661 2626 propter
1678 2578 1804 2608 amo-

318 2737 346 2767 1.
372 2735 560 2773 Plutarch,
582 2733 739 2770 Pericles,
766 2733 825 2765 VII
842 2744 848 2764 :
877 2733 1009 2771 κλήσεις
1030 2744 1062 2764 τε
1083 2733 1217 2765 δείπνων
1237 2735 1292 2764 καὶ
1312 2735 1370 2772 τὴν
1391 2732 1544 2770 τοιαύτην
1567 2732 1694 2762 ἅπασαν
1713 2729 1806 2772 φιλο-

278 2782 437 2824 φροσύνην
458 2783 513 2812 καὶ
533 2782 698 2819 συνήθειαν
713 2780 869 2819 ἐξέλιπεν,
891 2780 930 2815 ὡς
949 2780 980 2811 ἐν
995 2779 1040 2816 οἷς
1059 2781 1296 2813 ἐπολιτεύσατο
1316 2781 1444 2824 χρόνοις
1463 2780 1596 2822 μακροῖς
1615 2778 1807 2820 γενομένοις,

278 2831 358 2872 πρὸς
380 2829 502 2869 μηδένα
516 2829 616 2870 φίλων
633 2829 686 2859 ἐπὶ
701 2827 828 2858 δεῖπνον
846 2827 960 2859 ἐλθεῖν.
980 2839 1011 2860 κ.
1033 2839 1062 2860 τ.
1083 2828 1116 2860 λ.

321 2879 350 2910 2.
370 2877 557 2916 Plutarch„
579 2876 736 2913 Pericles,
763 2876 845 2908 XVI.
