2125 3534
283 399 334 434 Ex
355 398 426 435 hac
446 400 641 446 quondam
661 399 755 436 urbe
776 410 864 437 eum
885 402 1028 437 Atridis
1051 402 1299 438 Menestheus

282 458 391 494 duxit
411 459 575 507 (agmen)
598 461 645 497 ad
665 461 815 497 divinos
835 462 955 505 Trojoe
977 472 1144 507 campos,

281 528 396 563 quem
417 521 611 565 quondam
642 522 827 556 Homerus
858 521 952 556 dixit
977 522 1146 556 Danaum
1177 521 1712 567 spissis-loricis·armatorum

284 581 556 615 instructorem
579 590 714 627 pugna}
736 581 930 622 egregium
949 581 1096 614 venisse
1119 581 1311 627 (Troiam).

279 640 362 675 Non
380 640 496 685 igitur
515 639 708 674 immerito
733 639 987 674 Athenienses
1007 639 1253 685 appellantur

280 698 533 733 instructores
554 707 686 733 earum
702 707 831 732 rerum
852 708 936 743 qum
957 698 1005 732 ad
1026 697 1170 733 bellum
1192 699 1447 744 virtutemque
1467 699 1662 744 pertinent
1682 700 1707 735 ¹.

245 826 417 880 Quibus
440 827 476 869 si
507 826 715 885 politiora
744 826 1098 885 perfectioraque
1129 842 1362 885 nunquam
1389 831 1541 871 noster
1563 833 1712 887 protu-

184 898 324 950 lisset,
346 898 421 940 vix
441 897 623 955 quidem
653 912 704 940 ea
731 897 862 940 laude
885 897 1048 956 dignus
1069 898 1295 941 videretur
1321 914 1407 956 qua
1432 899 1548 957 apud
1574 899 1712 942 Athe-

183 969 364 1012 nienses
385 972 537 1027 postea
555 968 719 1011 tloruit.
741 967 1054 1011 Adolescentis
1073 969 1191 1011 enim
1211 970 1467 1012 tirocinium
1490 974 1530 1012 et
1554 985 1710 1028 parum

184 1039 458 1097 exquisitum
493 1038 719 1096 judicium
754 1038 958 1081 redolent
992 1039 1068 1081 illu
1102 1041 1301 1083 earmina
1329 1042 1362 1090 2;
1396 1056 1539 1098 neque
1579 1040 1711 1083 modo

182 1109 394 1153 inanibus
431 1109 579 1152 verbis
616 1109 846 1152 abundant
882 1110 936 1153 ad
967 1111 1258 1169 complendos
1289 1126 1502 1154 numeros
1539 1111 1711 1154 adhibi-

183 1180 254 1233 tis,
288 1194 375 1238 qua
409 1179 635 1223 scribendi
664 1180 836 1223 ratione
872 1181 937 1224 uti
972 1181 1119 1224 solent
1161 1181 1368 1240 discipuli
1401 1197 1512 1240 quos
1549 1182 1711 1240 premit

181 1250 392 1294 insolitus
426 1250 768 1294 condendorum
806 1266 1018 1295 versuum
1053 1252 1178 1295 labor
1209 1254 1244 1304 ³;
1281 1252 1356 1295 sed
1385 1253 1519 1295 etiam
1548 1267 1711 1310 magna

182 1335 333 1365 rerum
350 1320 592 1379 jejunitate
614 1321 834 1365 laborant.
865 1323 965 1365 Non
987 1324 1313 1366 sententiarum
1338 1324 1379 1365 vi
1403 1328 1443 1366 et
1472 1322 1709 1382 splendore

180 1392 304 1451 operi
323 1391 459 1435 decus
479 1392 642 1436 addere
661 1393 809 1436 studet
832 1398 962 1452 poeta
983 1398 1149 1446 noster,
1170 1394 1245 1437 sed
1262 1394 1499 1438 artificiosa
1516 1393 1709 1452 quadam

179 1463 421 1507 verborum
460 1463 715 1516 libratione,
757 1479 853 1522 quze
892 1480 997 1508 cum
1037 1465 1308 1523 elegantium
1343 1470 1384 1508 et
1424 1468 1708 1507 venustatem

180 1538 391 1587 sectetur,
409 1534 577 1593 pingue
600 1535 769 1593 aliquid
791 1540 833 1578 et
854 1535 1032 1578 tardum
1057 1536 1203 1587 habet,
1229 1536 1281 1579 ab
1304 1535 1510 1593 expedito
1533 1534 1709 1577 dicendi

179 1620 344 1665 genere
365 1606 553 1649 omnino
582 1606 782 1649 alienum
812 1607 840 1649 ‘'t.
866 1606 992 1649 Adde
1023 1606 1142 1665 quod
1172 1622 1262 1649 non
1293 1607 1362 1649 sui
1385 1605 1500 1663 juris
1531 1605 1577 1647 in
1599 1605 1709 1648 scri-

177 1676 324 1720 bendo
358 1677 626 1735 plerumque
661 1682 815 1720 noster
846 1677 1024 1720 videtur
1059 1692 1170 1730 esse,
1213 1677 1289 1720 sed
1321 1692 1498 1736 semper
1525 1692 1629 1721 cum
1663 1677 1709 1719 in

176 1747 462 1790 inveniendis
484 1748 736 1796 sententiis,
762 1753 857 1791 tum
880 1749 925 1791 in
940 1749 1087 1792 verbis
1106 1748 1392 1807 usurpandis,
1413 1748 1468 1792 ad
1489 1764 1540 1791 ea
1562 1763 1709 1791 recur-

178 1833 275 1862 rere
302 1834 400 1877 quae
428 1833 481 1862 ex
509 1819 668 1862 ceteris
696 1818 851 1863 didicit
891 1824 933 1862 et
972 1820 1173 1878 priorum
1216 1819 1485 1869 studiorum,
1526 1834 1628 1863 cum
1662 1819 1707 1861 in

176 1890 321 1951 patria
342 1890 527 1933 Homeri
548 1891 798 1949 praesertim
822 1895 1028 1949 poemata
1056 1891 1272 1942 volveret,
1297 1891 1559 1933 meminisse
1581 1892 1609 1932 ⁵.

234 1960 408 2019 Injuste
448 1965 600 2004 tamen
634 1961 768 2005 faeiat
801 1962 837 2004 si
871 1962 969 2019 quis
1003 1977 1056 2005 ex
1092 1962 1161 2004 his
1195 1966 1409 2019 tanquam
1438 1961 1707 2004 rudimentis

172 2031 347 2091 judicet
374 2032 548 2076 nullam
587 2032 708 2075 Ionis
743 2033 789 2075 in
824 2033 1033 2091 elegiacis
1070 2032 1346 2076 carminibus
1383 2032 1708 2091 componendis

176 2104 393 2148 virtutem
423 2103 575 2147 fuisse.
603 2103 692 2147 Cur
718 2118 878 2162 parum
912 2108 1012 2162 apte
1042 2103 1242 2147 Cimonis
1268 2103 1507 2146 victoriam
1536 2103 1709 2147 cecine—

177 2175 251 2227 rit,
276 2174 463 2218 fortasse
486 2189 620 2218 causa
642 2175 740 2224 fuit,
766 2174 883 2233 quod
905 2175 1076 2217 alienos
1099 2175 1247 2233 potius
1267 2189 1402 2232 quam
1429 2189 1534 2217 suos
1555 2174 1601 2217 in
1622 2174 1706 2217 hoc

178 2245 502 2304 epigrammate
530 2249 684 2288 noster
713 2261 870 2289 sensus
901 2246 1194 2304 exprompsit.
1220 2246 1279 2287 At
1304 2260 1398 2288 non
1420 2245 1572 2288 dubito
1598 2245 1707 2302 quin

177 2317 331 2376 elegiae
352 2332 463 2376 quas
492 2317 574 2360 Ion
601 2316 654 2359 de
681 2316 903 2376 Chrysilla
930 2317 1075 2359 amica
1105 2331 1185 2359 sua
1212 2321 1529 2374 composuerat
1550 2316 1708 2359 incita-

177 2389 265 2434 tius
297 2387 465 2447 aliquid
492 2391 535 2431 et
561 2387 790 2431 ardentius
819 2387 1051 2440 haberent,
1087 2402 1190 2431 cum
1218 2387 1264 2430 in
1297 2388 1359 2430 eis
1398 2391 1530 2446 poeta
1563 2387 1707 2446 expri-

217 2578 245 2608 1.
267 2575 384 2608 Alium
407 2573 566 2606 ordinem
594 2575 636 2615 (3.
666 2575 693 2604 1.
720 2573 751 2614 2)
777 2573 813 2604 in
828 2572 1025 2605 exhibendo
1054 2573 1304 2615 epigrammate
1331 2573 1490 2613 sequitur
1516 2571 1704 2609 Kircbhoff,

176 2634 194 2655 ο
223 2623 342 2655 .laud.

192 2634 247 2702 ΡΞ.
268 2671 379 2711 HuJ'us
396 2669 534 2711 generis
558 2669 640 2700 sunt
660 2668 752 2700 inter
774 2677 810 2699 se
835 2667 999 2710 opposita
1019 2667 1123 2699 verba
1145 2678 1152 2699 :
1169 2669 1294 2709 famem
1315 2668 1503 2706 ardentem,
1525 2667 1709 2709 ,qlacialem

175 2718 334 2750 Martem.

217 2766 247 2796 3.
268 2765 343 2797 Vox
362 2764 535 2806 quondam
553 2762 658 2805 (πότε)
679 2764 732 2794 ter
753 2763 790 2794 in
811 2762 934 2804 primis
956 2764 1089 2804 septem
1107 2763 1265 2794 versibus
1281 2764 1444 2795 occurrit.

220 2814 250 2843 4.
273 2812 444 2850 Quartum
468 2820 608 2843 versum
628 2820 708 2843 cum
729 2813 827 2842 sexto
849 2811 1008 2842 conferas
1034 2821 1040 2842 ε
1060 2812 1450 2852 κοσμητῆρα-κοσμητάς.

219 2861 249 2891 5.
267 2860 374 2891 Totus
396 2860 490 2891 Ionis
512 2860 608 2891 locus
628 2860 758 2901 petitus
782 2859 919 2891 videtur
941 2869 1017 2890 esse
1037 2869 1077 2891 ex
1107 2860 1246 2891 Homeri
1266 2860 1376 2892 Iliade
1396 2861 1436 2898 ΙΙ,
1462 2861 1519 2891 552
1540 2867 1628 2900 sqq„
1647 2859 1708 2891 ubi

180 2910 222 2943 de
239 2911 440 2945 Menestheo
458 2912 584 2953 agitur.
608 2913 721 2945 Etiam
741 2913 777 2946 in
797 2913 944 2955 singulis
965 2913 1154 2946 Homerum
1172 2915 1291 2946 noster
1307 2914 1476 2947 imitatur.
