2125 3534
1211 269 1441 313 -15-

558 380 655 440 ejus
677 382 932 425 carminum
954 382 1207 441 fragmenta
1233 381 1287 424 ad
1317 397 1398 424 nos
1432 383 1736 439 pervenerunt
1769 394 1926 423 eorum
1958 380 2084 424 libris

557 453 731 496 inclusa
752 453 826 510 qui
847 454 1095 511 praesertim
1118 468 1139 496 e
1158 453 1380 496 conviviis
1408 452 1645 494 materiam
1667 466 1796 494 suam
1818 451 2083 504 hauserunt,

557 524 655 581 quis
676 527 828 566 tamen
855 524 1017 567 audeat
1043 524 1314 568 contendere
1345 524 1421 567 tali
1451 526 1718 582 argumento
1751 537 1880 580 posse
1909 522 2087 566 defendi

556 598 764 637 nostrum
786 595 934 638 sobrio
957 599 1000 638 et
1019 595 1291 654 temperanti
1307 595 1425 637 victu
1448 609 1580 637 usum
1603 596 1727 636 esse?
1748 593 1812 636 Ne
1835 608 1935 636 eam
1950 594 2088 652 igitur

555 665 723 709 indolis
753 666 1037 709 severitatem
1071 666 1168 709 Ioni
1197 666 1464 718 tribuamus,
1498 679 1634 722 quam
1661 678 1805 722 neque
1827 664 1924 722 ipsa
1946 667 2087 722 poetae

556 736 697 794 origo,
722 751 867 794 neque
894 740 1150 795 temporum
1172 737 1333 794 quibus
1355 736 1467 779 vixit
1487 736 1693 778 instituta
1723 735 1963 793 recipiunt.
1989 735 2087 778 Chii

555 810 688 850 natus
710 810 776 850 cst
797 808 893 860 Ion,
919 808 966 850 in
986 808 1134 851 insula
1160 811 1340 866 propter
1367 807 1683 850 excellentiam
1714 806 1808 849 vini
1830 806 2084 860 notissima,

558 877 688 936 cujus
710 882 916 921 nostrum
939 894 1146 937 sagacem
1180 879 1501 922 aestimatorem
1534 878 1673 921 fuisse
1702 877 1851 935 ipsum
1874 876 1985 920 illud
2015 892 2088 920 05-

555 950 714 1002 tendit,
736 950 869 1008 quod,
896 951 1089 1008 quadam
1108 950 1192 1003 die,
1214 954 1264 993 ut
1285 950 1522 992 victoriam
1542 950 1587 991 in
1609 949 1777 1007 tragico
1797 948 2043 992 certamine
2063 963 2089 992 a

555 1036 600 1064 50
623 1025 895 1079 reportatam
918 1022 1178 1074 celebraret,
1205 1021 1359 1064 fictilia
1381 1020 1491 1064 Chio
1513 1021 1619 1063 vino
1642 1020 1774 1079 plena
1801 1019 2104 1067 Atheniensi<

553 1092 637 1135 bus
660 1092 778 1135 dono
801 1092 935 1135 dedit.
958 1093 1110 1151 Neque
1133 1092 1333 1151 profecto
1365 1091 1458 1150 ipse
1487 1091 1733 1150 lagioribus
1762 1091 1868 1144 illis,
1893 1105 2088 1149 quorum

555 1164 713 1207 ceteris
743 1164 920 1222 copiam
954 1164 1160 1216 faciebat,
1191 1163 1366 1222 poculis
1388 1163 1619 1206 abstinuit.
1645 1162 1775 1215 Quod
1797 1163 1832 1205 si
1854 1163 1953 1221 quis
1973 1162 2088 1206 arbi-

553 1237 697 1277 tretur
722 1234 842 1278 hune
876 1235 970 1277 vini
1001 1250 1203 1278 amorem
1238 1234 1337 1277 Ioni
1359 1234 1521 1292 probro
1554 1234 1692 1277 fuisse
1725 1233 1843 1292 apud
1875 1233 2085 1291 aequales,

554 1306 733 1361 reputet
762 1303 800 1345 is
830 1304 1006 1346 nullam
1034 1303 1138 1346 inde
1161 1304 1348 1347 traxisse
1381 1303 1618 1346 infamiam
1646 1302 1931 1361 AEschylum,
1965 1301 2087 1346 Ionis

553 1373 767 1425 amicum,
793 1377 836 1416 et
857 1372 1094 1417 Platonem
1116 1375 1163 1417 in
1190 1375 1400 1418 Convicio
1434 1389 1526 1417 11011
1554 1373 1780 1417 dubitasse
1814 1374 2088 1417 temulentos

552 1444 767 1487 inducere
788 1445 1116 1488 urbanissimos
1136 1446 1422 1489 Athenarum
1443 1446 1578 1488 viros.

610 1515 741 1568 Quod
756 1516 951 1574 pertinet
971 1516 1025 1559 ad
1047 1531 1223 1560 amores
1238 1517 1360 1560 lonis
1380 1532 1516 1575 quem
1538 1523 1800 1575 ἐρωτικώτατον
1830 1516 1941 1559 Bato
1958 1514 2088 1559 Sino-

551 1587 703 1646 pensis
722 1591 865 1640 vocat,
886 1588 1191 1641 confitentem,
1219 1592 1270 1631 ut
1290 1589 1349 1631 ita
1372 1588 1536 1641 dicam,
1567 1602 1696 1631 reum
1720 1587 1955 1639 hahemus,
1981 1601 2087 1630 cum

551 1658 693 1716 ipsius
724 1662 865 1716 poetae
894 1659 1042 1702 verbis
1063 1660 1249 1703 Batonis
1276 1660 1587 1703 testimonium
1616 1659 1851 1701 innitatur.
1880 1676 1899 1698 «
1924 1658 1976 1700 In
2000 1657 2088 1701 ele-

552 1730 692 1787 giacis
724 1730 1016 1783 carminibus,
1048 1730 1196 1789 inquit
1217 1732 1344 1784 Bato,
1383 1731 1620 1774 confitetur
1641 1730 1723 1774 Ion
1754 1744 1800 1772 se
1832 1729 2083 1789 Chrysillae‚

551 1800 672 1843 Tclei
711 1801 828 1854 filiae,
866 1801 1109 1846 Corinthia}
1145 1803 1364 1855 mulieris,
1402 1817 1554 1846 amore
1589 1805 1771 1861 captum
1807 1816 1917 1855 csse,
1951 1815 2087 1859 quam

552 1872 746 1916 amicam
769 1872 907 1916 fuisse
926 1874 1115 1918 Periclis
1138 1875 1338 1934 Olympii
1360 1874 1607 1918 Teleclides
1629 1875 1675 1917 in
1696 1873 1900 1917 Hesiodi-5
1921 1873 1982 1915 ait
2000 1873 2030 1915 ¹.
2063 1890 2083 1912 »

551 1944 773 2003 Equidem
800 1944 958 1998 fateor,
993 1946 1028 1988 si
1062 1961 1154 1989 una
1176 1946 1399 2005 Chrysilla
1427 1946 1549 1989 Ionis
1585 1946 1731 1989 amica
1760 1945 1858 1998 fuit,
1894 1953 1988 1987 non
2021 1945 2087 1986 est

552 2015 672 2074 quod
690 2023 952 2073 ἐρωτικώτατον
975 2032 1079 2060 011111
1101 2018 1295 2077 appellet
1318 2018 1443 2061 Bato.
1463 2018 1523 2061 At
1541 2018 1640 2076 quis
1654 2032 1747 2061 non
1761 2016 1883 2061 videt
1903 2016 1950 2058 111
1970 2015 2087 2058 mul-

551 2091 618 2131 tas
641 2087 751 2131 alias
773 2091 980 2131 nostrum
1003 2090 1238 2143 exarsisse,
1263 2090 1381 2133 inter
1403 2105 1513 2148 quas
1534 2104 1674 2133 unam
1697 2088 1972 2148 Chrysillam
1993 2101 2086 2129 me-

551 2161 697 2202 morat
718 2158 786 2200 vir
814 2157 1092 2218 Sinopensis,
1118 2160 1236 2219 quod
1256 2161 1445 2204 Periclis
1467 2161 1617 2214 etiam,
1643 2159 1773 2218 eujus
1800 2159 1872 2203 vel
1893 2157 2086 2201 minima

552 2231 669 2274 facta
684 2243 870 2274 noscere
886 2247 1031 2290 opera}
1047 2232 1243 2291 pretium
1259 2236 1339 2285 est,
1355 2247 1557 2275 amorem
1572 2232 1649 2275 illa
1663 2231 1952 2275 incenderat?
1967 2228 2086 2282 Quid

551 2306 692 2347 vero?
713 2304 765 2347 In
799 2319 951 2347 amore
985 2319 1162 2362 quoque
1184 2304 1266 2347 Ion
1289 2304 1477 2348 Periclis
1508 2304 1828 2348 adversarius?
1864 2301 2090 2345 exclamat

553 2375 788 2434 Koepkius
809 2377 837 2419 ².
881 2374 1064 2428 Quidni,
1110 2377 1295 2433 quaeso?
1346 2375 1448 2419 Non
1499 2390 1598 2419 eam
1663 2389 1842 2434 semper
1903 2385 2085 2417 morum

593 2507 621 2537 1.
642 2506 843 2545 Athenaeus,
862 2506 901 2543 X,
919 2506 989 2543 436,
1012 2515 1040 2537 c.
1062 2505 1168 2537 Totus
1191 2505 1348 2537 Athenaei
1376 2505 1474 2537 locus
1501 2505 1557 2537 hic
1578 2506 1630 2538 est
1650 2515 1657 2536 :
1681 2505 1788 2535 Βάτων
1809 2503 1855 2535 δ’ὁ
1876 2503 2029 2537 Σινοπεὺς
2055 2502 2086 2534 ἐν

553 2554 618 2587 τοῖς
634 2555 707 2595 περὶ
727 2554 830 2588 Ἴωνος
849 2554 905 2584 τοῦ
926 2553 1066 2591 ποιητοῦ
1088 2552 1272 2593 φιλοπότην
1299 2553 1377 2595 φησὶ
1396 2553 1539 2593 γενέσθαι
1558 2554 1612 2583 καὶ
1633 2552 1877 2594 ἐρωτικώτατον
1905 2552 1959 2582 τὸν
1979 2549 2086 2582 Ἴωνα.

552 2602 614 2630 Καὶ
639 2601 733 2636 αὐτὸς
757 2601 788 2632 δὲ
814 2602 843 2632 ἐν
868 2602 934 2634 τοῖς
958 2600 1111 2640 ἐλεγείοις
1138 2599 1207 2641 ἐρᾶν
1233 2609 1288 2640 μεν
1311 2599 1471 2641 ὁμολογεῖ
1489 2600 1672 2640 Χρυσίλλης
1693 2601 1749 2638 τῆς
1773 2597 1946 2640 Κορινθίας,
1967 2597 2086 2628 Τελέου

552 2647 583 2677 δὲ
603 2648 756 2690 θυγατρός
775 2659 781 2665 ’
813 2648 850 2686 ἧς
879 2649 933 2678 καὶ
952 2647 1112 2689 Περικλέα
1132 2648 1185 2677 τὸν
1208 2647 1390 2687 Ὀλύμπιον
1414 2647 1484 2689 ἐρᾶν
1514 2649 1591 2689 φησί
1618 2647 1832 2685 Τελεκλείδης
1861 2646 1891 2677 ἐν
1913 2645 2084 2680 Ἡσιόδοις.

552 2696 666 2728 Verba
678 2696 794 2727 Τελέου
809 2696 840 2726 δὲ
855 2695 1007 2737 θυγατρός
1030 2695 1201 2736 Bergkius
1216 2695 1409 2726 arbitratur
1426 2694 1531 2726 finem
1546 2703 1621 2725 esse
1647 2694 1790 2735 elegiaci
1804 2702 1927 2725 versus
1945 2692 2086 2734 (Bergk,

552 2743 646 2775 Ionis
665 2744 788 2785 fragm.
810 2743 847 2774 in
870 2743 946 2783 Lyr.
963 2742 1076 2782 (freae.)
1092 2742 1234 2773 Minime
1256 2742 1475 2783 probabilem
1500 2751 1575 2773 esse
1591 2743 1677 2783 puto
1692 2741 1885 2773 Welckerii
1906 2742 2086 2782 conjectu-

552 2800 640 2829 ram,
669 2790 874 2822 Teleclidcm
893 2790 1025 2821 scilicet
1043 2799 1105 2831 per
1121 2789 1241 2821 fictum
1257 2789 1439 2831 Chrysilloe
1453 2799 1581 2821 nomen
1597 2789 1738 2822 Periclis
1753 2789 1911 2822 avaritiae
1931 2788 2086 2822 alludere

552 2839 689 2870 tantum
709 2839 870 2870 voluisse.
892 2837 1081 2877 (Welcker,
1101 2837 1156 2868 die
1177 2837 1309 2869 Grieclz.
1337 2837 1502 2878 Traqced„
1520 2847 1553 2878 p.
1577 2837 1662 2877 941).

593 2888 622 2917 2.
646 2886 801 2928 Koepke,
822 2886 864 2917 de
884 2885 976 2917 Ionis
997 2885 1069 2917 vita
1090 2887 1122 2916 et
1142 2886 1285 2925 fraym„
1304 2894 1337 2926 p.
1360 2886 1389 2916 9.
