2125 3534
938 302 1168 343 -23—

385 415 507 456 Quare
529 415 581 457 tu,
604 415 711 458 pater
732 411 908 457 Dionyse,
929 412 1326 447 coronas-amantibus
1346 410 1498 453 dilecte,

386 472 607 508 hominibus
627 471 801 506 laetarum
823 472 1155 516 eoxnpotationum
1175 483 1327 517 prwses,

296 533 336 567 15
387 531 507 568 Salve.
530 533 583 566 Da
608 529 745 577 (nohis)
769 540 836 575 per
866 529 1017 575 longam
1040 531 1165 575 vitain,
1193 530 1441 576 pulchrorum
1462 538 1624 574 operum
1649 528 1812 574 adjutor,

386 590 515 626 bibere
533 593 573 626 et
592 589 723 625 ludere
743 591 780 624 et
795 589 912 634 Justis
933 600 1029 625 esse.

351 697 535 741 Minime
567 712 732 741 novam
765 697 810 740 in
846 697 928 741 hac
963 697 1105 755 elegia
1132 697 1366 740 materiam
1398 699 1553 747 noster
1581 693 1812 744 tractavit3

293 769 424 812 multi
446 768 567 811 enim
588 772 719 811 antea
747 768 792 810 in
821 768 1116 827 symposiacis
1143 768 1419 810 carminibus
1442 765 1671 809 Bacchum
1704 764 1818 807 cele-

292 840 545 884 braverant.
584 840 643 882 At
673 839 783 882 mihi
818 838 994 882 videtur
1028 839 1123 897 ipsa
1159 837 1375 881 tractandi
1415 836 1668 895 argumenti
1706 835 1817 877 ratio

293 925 428 969 quam
450 910 529 953 lon
551 914 731 953 secutus
753 913 833 961 est,
853 909 906 952 ab
925 924 976 952 ea
997 909 1172 951 dill'erre
1195 924 1329 966 quam
1353 909 1680 966 usurpaverant
1705 905 1819 963 prio-

294 996 363 1025 res
384 984 538 1040 poetae.
561 981 776 1039 Exemplo
798 995 867 1023 res
889 980 1051 1023 clarior
1069 980 1156 1032 fiet,
1176 980 1210 1021 si
1228 980 1326 1037 quis
1348 994 1452 1022 cum
1476 977 1597 1020 Ionis
1619 976 1821 1019 versibus

295 1051 538 1096 contulerit
564 1050 834 1109 Theognidis
862 1050 1103 1108 quemdam
1130 1065 1222 1093 non
1249 1048 1552 1107 injucundum
1585 1048 1750 1098 locum,
1776 1046 1821 1087 in

295 1137 383 1180 quo
411 1121 702 1165 convivantes
731 1125 863 1180 poeta
883 1121 1128 1179 alloquitur
1151 1122 1176 1163 ¹.
1202 1120 1474 1178 Theognidis
1495 1118 1698 1162 versibus
1722 1130 1820 1158 om-

295 1193 404 1236 nino
443 1192 557 1235 alius
596 1206 728 1250 sapor
765 1193 883 1235 inest
921 1195 1054 1250 atque
1093 1191 1214 1234 Ionis
1253 1191 1348 1234 loco
1394 1207 1418 1233 a
1452 1191 1582 1233 nobis
1623 1188 1817 1232 laudato.

295 1264 396 1306 Non
417 1263 470 1306 ad
498 1262 541 1305 id
575 1263 789 1306 instituta}
823 1278 918 1306 esse
946 1263 1087 1321 epulae
1120 1261 1370 1320 'l‘heognidi
1407 1261 1629 1311 videntur,
1654 1263 1702 1303 ut
1734 1258 1823 1301 sol—

296 1334 431 1378 licitis
459 1334 624 1376 animis
651 1334 833 1377 fecundi
863 1334 1026 1377 calices
1056 1348 1170 1377 onus
1201 1334 1416 1386 eximant,
1447 1337 1495 1376 ut
1521 1332 1823 1375 urbanitatem

296 1409 429 1464 atque
450 1409 569 1448 artes
590 1405 854 1459 addoeeant,
885 1409 933 1448 ut
962 1405 1190 1448 mentibus
1218 1405 1364 1464 potins
1388 1404 1719 1463 jucunditatem
1746 1402 1825 1444 ali-

296 1491 449 1535 quam,
475 1491 609 1533 quam
632 1477 895 1534 corporibus
922 1476 1215 1535 voluptatem,
1248 1479 1523 1534 comparent.
1559 1474 1643 1516 Sed
1676 1474 1825 1530 Mega-

297 1548 441 1591 rensis
474 1551 604 1606 poeta
636 1547 814 1590 videtur
846 1551 1026 1606 propter
1065 1548 1208 1605 ipsam
1244 1547 1425 1589 bibendi
1459 1547 1735 1604 voluptatem
1763 1544 1827 1587 bi-

296 1619 400 1663 bere
424 1620 454 1671 2,
474 1633 618 1676 neque
638 1619 788 1660 minus
810 1618 863 1661 ad
886 1619 1051 1661 bonam
1069 1618 1269 1676 corporis
1290 1618 1597 1661 valetudinem
1617 1630 1751 1674 quam
1773 1614 1827 1657 ad

297 1691 554 1734 animorum
588 1690 935 1747 temperantiam
969 1693 1172 1748 spectant
1197 1689 1388 1732 consilia
1421 1704 1535 1747 quae,
1577 1702 1701 1730 mero
1731 1685 1826 1743 jam

296 1762 392 1820 ipse
414 1760 598 1803 dilutior
617 1762 646 1813 3,
680 1761 780 1819 plus
807 1776 933 1818 {equo
955 1761 1072 1819 potis
1101 1761 1259 1803 amicis
1287 1760 1489 1818 largitur.
1526 1760 1638 1818 Ipsae
1672 1757 1828 1815 imagi-

297 1847 393 1884 nes,
413 1831 573 1889 quibus
594 1832 750 1884 utitur,
768 1832 912 1874 multo
934 1832 1078 1890 magis
1094 1836 1326 1874 externam
1348 1831 1573 1875 ebriorum
1591 1829 1826 1872 hominum

299 1901 642 1961 turpitudinem,
668 1916 802 1959 quam
827 1906 1026 1945 mentem
1049 1902 1263 1945 exhibent
1284 1903 1312 1945 s‘.
1345 1902 1509 1946 Omnia
1536 1902 1613 1944 illa
1645 1900 1726 1943 Ion
1754 1902 1830 1942 aut

298 1973 489 2032 negligit
509 1976 585 2016 aut
606 1973 770 2016 horret.
796 1973 962 2016 Bacchi
984 1973 1153 2025 laudes,
1176 1988 1272 2031 quae
1295 1973 1464 2032 publici
1482 1972 1598 2030 juris
1620 1970 1829 2014 materies

300 2047 442 2097 erant,
466 2045 645 2103 proprie
666 2045 920 2088 tractandas
942 2045 1144 2104 suscipit.
1171 2045 1443 2088 Poculorum
1467 2044 1649 2103 quidem
1669 2042 1830 2100 volup-

300 2119 438 2159 tatem
458 2131 550 2160 non
579 2116 762 2174 respuit,
793 2119 838 2159 at
861 2116 906 2158 in
934 2131 985 2159 eo
1014 2116 1262 2175 praesertim
1293 2115 1469 2159 videtur
1493 2114 1660 2158 Bacchi
1687 2114 1831 2157 virtu-

303 2189 393 2231 tem
414 2187 652 2239 collocare,
677 2186 795 2244 quod
816 2187 892 2230 ille
912 2187 1190 2230 urbanorum
1212 2201 1476 2230 sermonum
1504 2190 1570 2230 est
1590 2188 1716 2245 pater
1733 2198 1831 2227 om-

346 2318 372 2348 1.
391 2316 578 2357 Theognis,
600 2325 631 2347 v.
651 2316 709 2347 467
731 2325 820 2356 sqq.‚
844 2317 920 2357 Lysr.
942 2326 1008 2355 9²2,
1030 2315 1154 2357 Bergk.

342 2365 372 2394 2.
390 2365 430 2396 V.
451 2365 509 2395 477
530 2374 537 2394 :
557 2363 652 2401 Δείξω
672 2363 739 2397 δ’ὡς
761 2361 844 2397 οἶνος
859 2363 1072 2405 χαριέστατος
1093 2362 1181 2404 ἀνδρὶ
1197 2362 1373 2393 πεπόσθαι.

343 2413 372 2442 3.
391 2411 429 2442 V.
444 2412 502 2442 476
524 2421 530 2442 :
552 2410 627 2441 052⁷
641 2411 686 2440 ἔτι
707 2410 814 2451 νήφων
834 2410 886 2447 ὧν,
903 2410 976 2440 οὔτε
998 2409 1071 2448 λίην
1093 2410 1224 2449 μεθύων.

343 2461 373 2489 4.
393 2459 477 2490 Cum
496 2458 571 2490 loco
595 2458 747 2495 laudato,
769 2458 811 2489 ef.
834 2467 956 2489 versus
979 2459 1048 2496 503,
1069 2466 1143 2498 sqq.

527 2517 701 2558 οἰνοὸκρέω
722 2517 880 2558 κεφαλήν,
903 2517 1127 2558 Ὀνομάκριτε,
1149 2518 1204 2547 καὶ
1224 2527 1263 2557 με
1286 2517 1394 2558 βιᾶται

628 2563 723 2601 οἶνος,
748 2564 825 2606 ἀτὰρ
839 2564 988 2605 γλώσσης
1008 2564 1115 2595 οὐκέτ’
1137 2564 1195 2605 ἐγὼ
1215 2563 1332 2603 ταμίης

527 2612 698 2654 ἡμετέρης,
724 2614 759 2643 τὸ
782 2612 813 2642 δὲ
830 2611 920 2653 δῶμα
932 2612 1116 2653 περιτρέχει
1134 2623 1140 2628 ·
1167 2611 1240 2641 ἀλλ’
1256 2612 1304 2652 ἄγ’
1321 2611 1457 2646 ἀναστάς

628 2659 782 2700 πειρηθῶ,
804 2659 849 2699 μή
870 2670 936 2694 πως
956 2660 1011 2689 καὶ
1032 2659 1133 2693 πόδας
1154 2657 1236 2693 οἶνος
1261 2659 1328 2700 ἔχει

548 2708 603 2737 καὶ
625 2707 699 2738 νόον
722 2706 752 2737 ἐν
774 2707 925 2745 στήθεσσι
949 2718 955 2724 ·
981 2706 1112 2737 δέδοικα
1133 2706 1164 2737 δὲ
1186 2706 1230 2747 μή
1254 2718 1284 2737 τι
1303 2707 1439 2747 μάταιον

630 2754 704 2795 ἔρξω
719 2754 892 2796 θωρηχθεὶς
913 2755 968 2784 καὶ
988 2755 1056 2796 μέγ’
1078 2753 1197 2788 ὄνειδος
1217 2754 1294 2796 ἔχω.

306 2818 471 2850 Eamdem
494 2819 647 2850 indolem
673 2820 829 2850 referunt
850 2820 1089 2851 Anaereontea
1114 2820 1270 2851 carmina
1294 2828 1370 2860 quae
1392 2819 1514 2850 vinum
1539 2818 1728 2850 celebrant.
1752 2818 1836 2850 Vide

307 2866 465 2898 carmina
485 2867 522 2898 36
536 2869 570 2898 et
584 2868 620 2898 54
636 2868 669 2898 et
682 2867 876 2907 praesertim
891 2869 927 2898 50
943 2867 1048 2908 (apud
1068 2867 1192 2907 Bergk,
1212 2868 1288 2907 Lyr.
1305 2869 1385 2906 (stu).
1403 2868 1448 2898 Ne
1464 2866 1567 2898 Alcaei
1584 2866 1725 2906 quidem
1746 2866 1835 2908 frag-

308 2914 426 2945 menta
443 2913 652 2956 exceperim,
674 2914 834 2954 quamvis
854 2914 955 2946 aliter
968 2914 1173 2947 doctissimo
1193 2914 1269 2948 viro
1290 2916 1328 2946 O.
1354 2914 1500 2949 Mullero
1522 2913 1692 2946 videatur.
