2125 3534
916 284 1144 327 „87—

268 396 348 440 ciae
376 397 551 438 tantum
575 393 652 436 sed
678 393 814 436 totius
841 393 932 437 fere
961 398 1179 439 terrarum
1213 394 1332 437 orbis
1361 393 1559 453 partibus
1585 392 1785 435 conflue-

267 466 404 510 bant?
425 465 546 518 Quos
577 479 734 508 omnes
769 468 842 507 tuo
879 464 981 522 jure
1009 481 1113 523 agas
1146 466 1182 508 si
1210 469 1378 508 statuas
1407 465 1603 522 aliquem
1630 462 1684 506 ad
1710 476 1786 505 ex-

268 536 534 580 struendum
551 546 740 594 Τριαγμῶν
760 535 997 579 aedilicium
1026 537 1218 595 lapidem
1240 536 1497 579 contulisse.

325 607 454 650 Alius
476 622 581 650 vero
604 607 703 649 sons
725 610 803 657 est,
830 607 953 664 isque
976 607 1246 659 uberrimus,
1271 607 1388 650 unde
1410 605 1625 648 nimirum
1647 603 1788 646 multa

269 678 514 729 defluxere,
535 678 653 720 inter
679 692 729 720 ea
748 692 845 735 qum
871 689 1065 735 Τριαγμοῖς
1087 678 1437 720 continebantur
1457 690 1464 718 :
1489 675 1787 734 Orphicorum

267 749 440 792 scilicet
462 748 714 806 disciplina,
737 748 807 791 cui
825 762 915 791 11011
937 749 1156 791 minorem
1176 763 1309 805 quam
1330 746 1638 806 Pythagoricis
1653 745 1789 803 scrip-

266 819 323 861 tis
350 833 533 878 operam
556 823 598 861 et
628 818 826 862 studium
854 823 1006 861 noster
1036 819 1329 877 impenderat.
1356 816 1494 874 Cujus
1523 817 1582 859 rei
1612 816 1646 858 si
1671 815 1790 858 indi-

272 890 341 933 cia
369 889 613 947 qutesieris,
650 889 765 948 apud
795 889 1073 933 Clementem
1103 889 1459 932 Alexandrimlm
1491 887 1694 929 invenies
1723 885 1790 928 lo-

268 974 373 1003 nem
407 960 569 1002 Chium
613 960 659 1002 in
704 960 795 1003 suis
828 971 1021 1018 Τριαγμοῖς
1062 959 1227 1002 dixisse
1272 959 1571 1018 l'ythag‹1›ram
1613 956 1789 1015 Orpheo

268 1030 471 1074 carmina
494 1031 717 1073 nonnulla
743 1046 767 1074 a
798 1046 843 1074 se
883 1031 1130 1089 composita
1163 1030 1452 1088 adscripsisse
1476 1031 1501 1071 ¹.
1531 1027 1659 1081 Quod
1693 1042 1791 1086 pro-

269 1101 386 1144 fecto
414 1101 585 1144 crimen
608 1101 875 1159 philosopho
899 1101 1130 1145 intendere
1152 1101 1231 1144 Ion
1255 1116 1346 1144 11011
1369 1100 1600 1158 potuisset,
1625 1098 1670 1140 ni
1699 1098 1792 1156 ipse

271 1175 585 1231 pertractasset
606 1176 647 1215 et
668 1173 799 1231 plane
821 1173 1001 1230 cognita
1026 1172 1251 1215 habuisset
1274 1185 1569 1229 quwcumque
1592 1173 1687 1211 tum
1709 1167 1791 1211 sub

270 1242 436 1301 Orphei
465 1243 650 1285 nominc
671 1258 748 1301 per
771 1258 933 1286 manus
955 1243 1249 1286 traderentur.
1278 1243 1495 1284 Praeterea
1521 1256 1664 1300 operae
1692 1254 1792 1298 pre-

266 1314 381 1356 tium
413 1316 477 1356 est
506 1313 864 1357 animadvertere
896 1314 1016 1356 Ionis
1048 1314 1212 1357 librum
1248 1314 1301 1355 al)
1334 1312 1530 1371 antiquis
1565 1310 1792 1354 interdum

269 1384 407 1427 fuisse
426 1384 643 1427 tributum
669 1385 869 1443 Epigeni.
902 1385 1170 1442 Quanquam
1199 1385 1403 1427 errabant
1427 1384 1500 1441 qui
1525 1384 1583 1425 ita
1610 1381 1794 1424 arbitra-

269 1455 448 1504 bantur,
474 1455 636 1497 erroris
660 1459 808 1498 tamen
830 1456 1027 1513 aliquam
1059 1471 1241 1499 eausam
1266 1455 1488 1497 exstitisse
1509 1468 1690 1496 necesse
1712 1454 1791 1494 est.
1813 1498 1818 1507 Ι

271 1526 532 1584 Suspicatus
564 1530 629 1569 est.
652 1526 881 1569 Bentleius
915 1526 1018 1569 inde.
1057 1527 1317 1584 opinionem
1352 1526 1476 1567 illam
1504 1528 1647 1567 ortam
1682 1537 1791 1575 esse,

270 1596 389 1655 quod
405 1596 563 1639 eodem
584 1597 833 1640 volumime
849 1598 1189 1640 continerentur
1207 1597 1328 1640 lonis
1350 1596 1484 1638 simul
1506 1599 1547 1638 et
1566 1594 1792 1652 Epigenis,

271 1668 346 1726 qui
374 1667 427 1710 de
450 1667 556 1710 Ione
584 1668 839 1725 scripserat,
863 1683 1013 1726 opera.
1040 1668 1129 1711 Cur
1155 1671 1305 1710 autem
1333 1667 1386 1709 de
1412 1667 1517 1709 Ione
1545 1665 1797 1723 scripsisset

269 1739 508 1797 EpigeneS,
534 1738 652 1796 quod
676 1739 744 1781 vir
771 1738 928 1782 doctus
950 1739 1102 1781 omisit
1122 1739 1376 1797 explanare,
1408 1737 1553 1789 facile,
1580 1751 1679 1779 mea
1701 1735 1797 1793 qui-

272 1809 374 1853 dem
397 1810 635 1861 sententia,
668 1810 877 1868 reperies,
902 1810 937 1851 si
966 1810 1241 1867 resultaveris
1264 1809 1506 1867 Epigenem
1534 1807 1586 1850 dc
1615 1807 1794 1865 Orpheo

272 1880 622 1924 commentarios
662 1880 969 1938 composuisse
990 1882 1018 1923 2.
1062 1880 1172 1924 Cum
1199 1879 1251 1923 dc
1283 1880 1461 1938 propria
1495 1878 1796 1937 Orphicorum

270 1951 528 1995 carminum
562 1950 714 1993 indole
744 1951 996 2003 dissereret,
1023 1951 1075 1993 ad
1097 1951 1218 1993 Ionis
1249 1950 1447 2009 profecto
1466 1955 1667 2007 Τριαγμούς
1700 1949 1796 2006 ipso

270 2022 589 2081 disputationis
611 2036 747 2064 cursu
770 2021 986 2065 deductus
1014 2025 1094 2073 est,
1126 2021 1314 2079 ideoque
1333 2021 1551 2063 deductus
1573 2023 1653 2068 est,
1678 2019 1797 2077 quod

271 2093 354 2137 Ion
382 2093 601 2136 nimirum
618 2107 671 2135 ex
694 2092 995 2152 Orphicorum
1017 2093 1192 2151 placitis
1209 2092 1445 2142 nonnulla,
1469 2092 1559 2134 imo
1578 2105 1682 2133 vero
1700 2090 1798 2149 plu-

273 2164 388 2208 rima
414 2163 601 2207 sortasse
629 2166 671 2206 et
693 2163 958 2221 sumpsisset
984 2167 1026 2206 et
1052 2163 1331 2221 explicasset.
1355 2162 1452 2205 Imo
1485 2176 1607 2214 vero,
1641 2160 1799 2204 Suidas

272 2250 365 2279 non
384 2235 592 2294 Epigeni,
615 2234 691 2277 sed
715 2234 893 2293 Orpheo
914 2234 998 2293 ipsi
1024 2240 1224 2292 Τριαγμοΰς
1241 2234 1486 2292 assignavit
1508 2246 1516 2275 ε
1541 2246 1799 2291 quanquam

273 2321 407 2350 nemo
427 2306 585 2363 estqui
616 2304 781 2358 credat,
802 2308 851 2348 ut
867 2305 1123 2348 Loheckius
1144 2306 1218 2358 ait,
1244 2305 1410 2347 librum
1432 2304 1578 2347 soluta
1598 2304 1799 2346 oratione

274 2377 508 2436 scriptum,
527 2376 574 2419 in
592 2391 836 2419 numerum
853 2376 1109 2419 carminum
1126 2375 1417 2434 orphicorum
1441 2390 1570 2433 posse
1589 2374 1746 2417 referri
1765 2375 1796 2427 3,

272 2448 582 2507 lexicographi
623 2451 776 2490 tamen
810 2462 934 2490 error
971 2451 1159 2490 testatur
1191 2462 1307 2505 saepe
1340 2446 1461 2490 Ionis
1495 2460 1661 2489 nomen
1696 2460 1800 2488 cum

273 2519 440 2578 Orphei
460 2518 647 2562 nomine
667 2518 721 2561 ab
749 2518 946 2577 antiquis
974 2518 1234 2562 auctoribus
1260 2517 1570 2562 consociatum
1593 2531 1704 2560 esse.
1732 2516 1802 2575 Ip-

315 2710 344 2739 1.
365 2707 522 2740 Clemens
545 2706 816 2744 Alexandrinus,
838 2707 1002 2740 Str-omae.
1025 2708 1049 2747 Ι,
1079 2717 1112 2749 p.
1144 2708 1200 2739 863
1222 2708 1270 2748 (in
1290 2708 1466 2740 volumine
1487 2706 1575 2746 VIII,
1595 2705 1803 2747 Patrolossia:

277 2755 407 2796 Graec.).
429 2755 513 2786 Vide
532 2754 759 2793 Loheckium,
779 2755 1048 2797 Aqlaophamus,
1070 2756 1095 2793 l,
1117 2765 1151 2797 p.
1173 2757 1250 2794 4523
1269 2756 1311 2787 cf.
1334 2766 1366 2797 p.
1393 2756 1462 2794 532,
1484 2756 1553 2793 715,
1574 2755 1644 2793 723,
1664 2755 1728 2786 etc.

316 2804 347 2834 2.
369 2803 528 2835 Clemens
548 2801 749 2840 Alexandr„
769 2802 906 2841 Seram,
927 2803 1004 2835 loco
1023 2803 1174 2835 laudato.
1197 2803 1243 2835 Cf.
1266 2803 1359 2839 ibid..
1378 2804 1416 2841 V,
1440 2813 1473 2844 p.
1493 2804 1541 2834 79.
1746 2834 1749 2838 ,

316 2851 345 2882 3.
367 2850 518 2888 Lobeck,
540 2848 811 2890 Aqlaophamus,
830 2850 854 2887 Ι,
873 2859 908 2890 p.
930 2851 998 2882 388.
1017 2850 1140 2882 Suidas
1151 2860 1178 2882 s.
1195 2860 1226 2882 v.
1244 2850 1373 2893 Ὀρφεύς
1390 2861 1395 2867 ·
1413 2849 1542 2892 Ὀρφεὺς
1556 2849 1673 2891 ἔγραψε
1687 2851 1800 2893 Τριασ-

279 2897 357 2939 μούς
379 2908 384 2914 ·
406 2896 559 2937 λέγονται
584 2895 615 2927 δὲ
641 2893 719 2927 εἶναι
740 2895 843 2931 Ἴωνος
864 2898 920 2928 τοῦ
945 2898 1110 2938 τραγικοῦ,
