2125 3534
842 282 1072 324 —13—

192 408 450 447 accensum,
475 398 524 438 ut
545 409 597 438 ex
619 393 716 451 ejus
737 399 881 438 morte
903 395 1243 438 acerbissimum
1267 399 1309 437 et
1338 395 1411 437 vix
1440 395 1719 438 tolerabilem

193 466 394 509 dolorem
417 466 688 525 conceperit.
714 466 766 509 ad
801 482 935 524 quem
974 466 1212 509 levandum
1241 467 1491 510 Archelaus
1526 466 1722 523 philoso-

194 536 310 594 phus
332 537 482 595 elegos
500 537 707 580 mue-renti
729 537 898 579 miserit
924 539 948 579 ¹.
970 537 1084 588 Quiil
1109 537 1160 579 <le
1182 538 1381 595 Elpinice
1399 537 1559 581 ‹lii-am,
1580 537 1724 578 ‹limo-

193 607 263 649 nis
291 622 458 654 sorore.
488 607 618 665 cujus
651 608 784 651 etiam
821 608 987 650 samam
1025 608 1193 650 scimus
1220 608 1271 650 ml
1304 613 1444 650 metas
1480 609 1723 666 plurimum

193 676 404 721 haesissc?
428 679 481 722 [t
510 678 637 721 illum
667 678 816 721 Calliae
839 693 1038 721 amorem
1063 680 1093 729 '·'‚
1118 683 1161 721 ut
1194 678 1430 737 Polygnoti
1463 679 1689 720 llammnm
1713 680 1726 701 ³

192 751 380 801 taceam,
408 764 485 807 pro
509 754 630 792 certo
652 749 805 792 haberi
826 754 969 808 potest
993 764 1090 791 eam
1114 764 1202 791 nou
1222 750 1333 792 nihil
1361 749 1615 791 festivitatis
1640 762 1725 805 [ιι-ιν

192 834 238 862 se
273 820 427 863 tulisse
455 824 498 863 et
531 820 724 864 lasciviae
753 820 885 879 paulo
922 820 1020 878 plus
1057 820 1265 862 habuisse
1301 835 1435 877 quam
1472 823 1723 862 matronam

193 890 359 934 decuit.
395 891 505 933 Eam
528 891 647 933 enim
677 891 885 949 legimus,
912 895 1149 949 postquam
1183 891 1317 933 etiam
1349 892 1503 932 soi-mxv
1533 890 1727 947 dignitas

191 961 323 1003 annis
339 960 634 1014 delloruisset,
654 961 708 1004 ad
725 961 963 1010 Periclem,
983 961 1183 1003 Cimonis
1202 965 1527 1005 accusanti-em.
1547 960 1723 1009 adiisse,

193 1035 243 1075 ut
270 1047 362 1075 non
392 1032 599 1090 precibus
631 1033 795 1082 solum,
826 1032 902 1075 sed
933 1032 1068 1075 etiam
1104 1032 1353 1075 venustatis
1384 1047 1475 1074 sua2,
1504 1029 1727 1072 illecebris

193 1103 406 1146 acerbum
428 1101 525 1160 ejus
547 1103 701 1147 odium
728 1104 957 1162 mitigaret
976 1103 1012 1156 ’ἢ
1039 1102 1245 1146 eamdem
1273 1107 1315 1145 et
1349 1103 1517 1146 scimus
1552 1100 1730 1143 munili-

193 1173 266 1215 tiis
287 1173 389 1217 fuco
412 1176 455 1216 et
481 1174 726 1232 unguentis
748 1175 793 1217 in
816 1189 867 1217 ea
887 1178 1017 1218 aetate
1039 1189 1131 1217 non
1154 1173 1441 1225 abstinuisse,
1467 1173 1513 1214 in
1547 1187 1633 1229 qua
1656 1186 1729 1214 cc-

192 1246 298 1287 terae
337 1248 604 1287 ornamenta
637 1246 791 1288 omnia
828 1260 1040 1304 respuere
1075 1245 1224 1288 solent
1257 1259 1354 1302 quse
1387 1258 1491 1287 cum
1525 1242 1730 1301 graviore

133 1325 136 1328 ·
193 1317 506 1358 matronarum
527 1315 684 1359 habitu
706 1331 865 1375 parum
888 1320 1148 1374 congruunt
1168 1317 1198 1358 ὅ.

250 1385 440 1429 Accedit
459 1386 578 1444 quod
600 1386 742 1440 Cimo,
769 1391 1009 1446 postquam
1033 1387 1233 1430 victoriis
1261 1385 1352 1430 suis
1375 1384 1620 1443 pristinum
1650 1383 1729 1426 do-

236 1529 265 1559 1.
282 1527 470 1566 Plutarch,
487 1528 615 1566 Cimon,
636 1529 692 1561 IV.
710 1529 830 1567 Zeller,
848 1529 1069 1570 Plzilosopliie
1084 1529 1142 1559 des
1163 1528 1276 1566 (ἶνες-ς,
1296 1528 1332 1559 in
1348 1526 1577 1559 translatione
1593 1524 1728 1565 gallica.

195 1575 253 1613 ΙΙΙ,
273 1585 306 1617 p.
323 1576 372 1613 56,
393 1585 425 1606 n.
449 1576 479 1613 2,
502 1577 607 1617 negat
627 1575 670 1607 ad
690 1576 901 1608 Archelaum
926 1576 1176 1618 philosophum
1198 1575 1269 1605 hirc
1295 1576 1471 1615 spectare;
1496 1573 1555 1604 sed
1581 1582 1634 1603 res
1657 1572 1734 1612 ipsa

194 1622 253 1654 vix
272 1623 378 1654 dubia
401 1632 476 1654 esse
505 1625 630 1664 potest.
654 1623 778 1654 Fuitne
801 1623 932 1655 lsodicc
962 1623 1115 1655 Cimonis
1143 1631 1231 1653 uxor
1256 1621 1434 1662 legitima?
1454 1620 1628 1660 Ambigua
1652 1620 1735 1649 sunt

195 1669 372 1701 Plutarchi
395 1670 501 1702 verba
522 1681 528 1701 ε
554 1672 639 1700 κατὰ
658 1672 730 1705 τοῦς
744 1671 861 1710 νόμους
880 1671 995 1711 δἀὐτῷ
1010 1670 1250 1710 sanguinum.
1271 1669 1318 1699 Ea
1338 1669 1426 1699 forte
1447 1667 1511 1698 fnit
1532 1668 1606 1706 ejus
1626 1674 1731 1706 gene-

194 1717 244 1748 ris
259 1717 385 1758 pellex,
409 1726 496 1757 quas
515 1727 579 1758 pro
600 1718 811 1759 conjugibus
836 1718 963 1749 habere
985 1719 1076 1749 cives
1097 1716 1362 1748 Atheniensium
1384 1715 1476 1755 leges
1497 1713 1732 1755 patiebantur.

235 1765 266 1796 2.
282 1764 471 1802 Plutarch.,
494 1765 623 1802 Cimon,
648 1766 703 1797 lv.
726 1766 927 1806 Ditissimus
950 1765 1171 1797 Atheniensis
1189 1763 1314 1795 Callias
1334 1762 1499 1804 Elpinicae
1520 1770 1638 1793 amore
1653 1770 1735 1802 cap—

195 1812 265 1850 tus,
290 1810 455 1843 Miltiadis
474 1812 642 1843 mulctam
664 1812 808 1844 solvisse
824 1812 965 1851 dicitur,
984 1814 1021 1844 ut
1044 1822 1064 1844 a
1080 1812 1222 1843 Cimone
1244 1820 1401 1842 sororem
1428 1811 1615 1851 conjugem
1641 1808 1732 1840 ohti-

197 1860 308 1891 neret.

238 1908 267 1938 3.
289 1906 407 1938 Tradit
422 1906 628 1938 Plutarchus
652 1907 795 1947 (Cimon,
816 1908 884 1949 lv),
905 1907 1024 1939 nescio
1039 1917 1108 1948 qno
1127 1906 1333 1938 testimonio
1352 1905 1475 1943 fretus,
1502 1904 1736 1946 Polygnotum

195 1953 362 1996 Elpinicae
380 1963 498 1985 amore
524 1954 708 1985 incensum
728 1955 847 1993 fuisse,
872 1957 916 1993 et,
938 1965 1018 1986 cum
1046 1954 1209 1986 Poecilem
1236 1953 1339 1995 pictis
1367 1952 1600 1992 Trojanarum
1621 1951 1735 1992 capti-

198 2010 322 2032 varum
337 2000 458 2041 figuris
473 2003 669 2039 exornaret,
691 2002 875 2033 Laodiceni
893 2002 957 2033 sub
973 2002 1139 2043 Elpinicze
1160 2001 1275 2042 specie
1296 1999 1618 2042 repraesentavisse.
1641 1999 1685 2029 At
1702 1998 1736 2029 in

198 2047 264 2080 hoc
290 2047 465 2080 Plutarchi
483 2048 560 2079 loco
587 2048 794 2080 manifestus
813 2059 913 2081 error
932 2048 1219 2090 deprehenditur,
1237 2048 1285 2079 ita
1305 2049 1344 2079 ut
1363 2049 1471 2078 totam
1494 2046 1591 2077 illam
1612 2046 1653 2076 de
1675 2045 1737 2076 Po-

198 2095 344 2138 lygnoto
370 2097 404 2127 et
428 2094 584 2136 Elpinice
608 2096 828 2128 historiolam
849 2096 971 2134 multa,
999 2096 1027 2127 si
1049 2096 1166 2127 minus
1187 2095 1317 2133 omnia,
1348 2094 1436 2125 falsa
1462 2094 1641 2125 continere
1667 2102 1737 2123 non

198 2143 412 2184 negaverim.
428 2145 484 2176 Ait
501 2145 594 2176 enim
617 2145 823 2177 Plutarchus
838 2148 997 2177 mutuam
1018 2145 1183 2186 Elpinicce
1202 2147 1236 2176 et
1263 2144 1447 2185 Polygnoti
1462 2144 1638 2175 flammam
1658 2144 1738 2173 ante

199 2190 384 2229 exarsisse,
406 2200 512 2232 quam
532 2193 648 2224 Calliae
663 2193 722 2224 illa
737 2194 926 2235 nupsisset.
950 2194 1025 2224 Non
1042 2192 1190 2224 attendit
1206 2191 1412 2223 Plutarchus
1430 2200 1465 2222 se
1486 2192 1589 2221 antea
1607 2189 1737 2220 dixisse

201 2237 391 2276 Cimonem,
426 2241 615 2280 antequam
643 2249 724 2270 cum
755 2240 862 2271 Callia
891 2240 1117 2271 matrimonio
1145 2240 1355 2280 jungeretur
1384 2237 1558 2278 Elpinice,
1588 2235 1739 2267 fortunis

201 2285 345 2316 omnino
370 2285 576 2317 destitutum
606 2286 713 2318 fuisse
737 2297 742 2318 z
763 2287 855 2318 unde
873 2287 1022 2318 eflicitur
1045 2287 1223 2319 Cimonem
1248 2295 1319 2317 non
1342 2286 1499 2327 potuisse
1520 2287 1595 2315 tum
1615 2283 1738 2314 urbem

199 2331 366 2364 decorare
393 2334 632 2365 monumentis
649 2334 718 2365 illis·
745 2336 779 2365 et
800 2335 948 2375 picturis
970 2335 1012 2365 ad
1035 2343 1111 2374 qute.
1132 2333 1345 2375 perficienda
1366 2332 1599 2373 Polygnotum
1627 2330 1739 2361 Thaso

200 2380 388 2411 arcessisse
404 2380 546 2412 dicitur.
572 2381 758 2422 Magnifica
787 2381 847 2412 illa
870 2391 976 2422 opera
1003 2383 1139 2412 tantum
1169 2382 1249 2421 post
1275 2380 1427 2411 Cimonis
1451 2378 1544 2420 apud
1570 2379 1739 2418 Euryme-

201 2425 345 2458 dontem
364 2428 561 2465 victoriam,
580 2437 673 2459 anno
701 2429 772 2466 465,
795 2428 870 2459 fieri
891 2430 1006 2469 coepta
1036 2430 1128 2459 sunt.
1162 2428 1283 2468 Itaque
1301 2427 1330 2458 si
1353 2435 1473 2458 verum
1502 2427 1554 2457 est
1572 2425 1738 2466 Elpinicae

201 2482 282 2505 cum
309 2474 504 2516 Polygnoto
524 2475 767 2511 intercessisse
788 2475 1065 2507 familiaritatem
1086 2477 1120 2507 et
1139 2474 1444 2512 consuetudinem,
1464 2482 1536 2505 non
1555 2473 1654 2515 prius
1681 2472 1736 2503 in-

200 2521 363 2553 tercessit
381 2531 432 2562 ea,
448 2532 555 2564 quam
570 2522 685 2554 Calliae
702 2523 883 2563 nupsisset
896 2523 1065 2564 Elpinice.

240 2570 270 2600 4.
294 2569 483 2609 Plutarch,
505 2570 634 2607 Cimon,
656 2570 741 2602 XIV.
765 2571 892 2601 Narrat
907 2570 1158 2602 Stesimbrotus
1180 2569 1344 2601 Periclem
1366 2568 1608 2600 subridentem
1624 2577 1630 2598 :
1646 2567 1740 2608 γραῦς

202 2613 242 2653 εἶ,
262 2616 368 2657 φάναι,
386 2619 492 2658 γραῦς,
518 2615 541 2646 ὦ
555 2616 739 2655 Ἐλπινίκη,
769 2617 808 2651 ὡς
835 2616 1021 2655 τηλικαῦτα
1040 2616 1290 2659 διαπράττεσθαι
1314 2617 1501 2657 πράγματα.
1522 2614 1743 2646 Stesimbroti

202 2663 446 2696 testimonium
469 2665 512 2696 ab
536 2665 633 2696 omni
651 2665 853 2706 suspicione
871 2673 1020 2696 vacnum
1041 2674 1080 2696 eo
1103 2665 1214 2705 magis
1236 2664 1323 2695 mihi
1342 2663 1481 2695 videtur
1498 2671 1585 2700 esse,
1608 2661 1701 2702 quod
1722 2670 1742 2692 a

204 2710 359 2742 Cimonis
374 2712 534 2753 partibus
550 2712 608 2743 ille
623 2711 748 2743 stabat.
769 2711 868 2749 Quod
896 2712 925 2743 si
948 2721 1034 2750 rem,
1055 2721 1133 2753 quae
1153 2711 1319 2753 Elpinicae
1343 2711 1472 2742 famam
1493 2710 1657 2741 attereret
1676 2717 1741 2750 po-

201 2757 274 2789 tius
299 2768 406 2799 quam
433 2761 590 2800 augeret,
610 2759 732 2791 Pericli
753 2767 834 2791 vero
856 2759 1005 2791 honesta
1025 2759 1134 2791 videri
1161 2760 1292 2801 posset,
1311 2758 1441 2790 referre
1464 2766 1534 2788 non
1554 2756 1741 2793 dubitavit,

203 2813 245 2837 ea
263 2805 432 2838 nimirum
449 2816 531 2838 vera
557 2808 620 2845 est,
640 2808 673 2838 et
692 2805 824 2838 idcirco
842 2815 862 2838 a
894 2806 1126 2840 Stesimbroto
1158 2807 1300 2839 narrata
1325 2807 1388 2846 est,
1411 2804 1518 2847 quod,
1546 2813 1626 2836 cum
1651 2804 1744 2835 esset

205 2853 371 2885 omnibus
389 2854 586 2893 notissima,
608 2863 679 2886 non
702 2855 840 2895 poterat
856 2854 982 2886 omitti.

247 2901 275 2932 5.
292 2900 480 2941 Plutarch,
502 2900 663 2941 Pericles,
684 2900 831 2934 XXVIII.
