2125 3534
752 359 971 385 —111—

155 451 312 511 Itaque
339 452 452 496 mihi
478 454 628 497 visum
649 458 729 507 est,
761 456 939 498 omissis
966 457 1033 508 iis,
1060 457 1105 498 in
1133 457 1295 513 quibus
1323 457 1456 499 ceteri
1480 458 1629 500 elabo—

100 537 270 576 ravere,
307 523 359 566 de
388 524 746 582 fragmentorum
777 529 899 568 textu
927 525 1214 582 conjecturis,
1253 527 1518 585 explicatius
1549 528 1629 570 ali-

99 592 209 653 quid
243 593 295 637 de
336 595 433 653 ipsa
471 594 592 638 lonis
619 595 711 638 vita
744 611 873 654 posse
919 597 1069 649 scribi,
1112 612 1215 639 cum
1251 598 1494 654 prwsertim
1540 614 1630 640 non

101 663 308 708 deessent
330 669 533 709 veterum
556 665 608 708 de
624 681 675 709 eo
701 667 975 709 testimonia.
1001 668 1292 710 'l‘entavimus
1316 669 1453 725 igitur
1479 668 1626 710 lenem

99 734 218 778 inter
239 736 442 794 σιξ-108105
465 736 584 780 viros
606 737 875 794 quibuscum
912 737 1037 783 vixit,
1075 741 1205 795 atque
1239 739 1353 780 inter
1375 737 1544 780 medias
1566 754 1633 780 res

102 820 294 865 quarum
314 796 407 850 ¹aut
444 808 569 850 testis
601 811 679 850 aut
710 808 954 865 aliquando
989 809 1211 866 particeps
1243 809 1340 861 suit,
1378 814 1631 851 versantem

102 879 354 931 ostendere,
370 880 431 922 ita
444 883 600 923 utnon
612 879 746 923 modo
766 881 946 939 planius
960 881 1290 939 perspiceretur
1305 881 1637 938 111111105111011111,

102 949 245 1008 ipsius
265 954 408 1008 poetae
428 951 520 993 vita
542 954 585 993 01
606 966 770 1002 1110105,
796 950 872 994 sed
897 952 1033 994 etiam
1056 956 1159 993 ante
1190 952 1344 995 oculos
1369 952 1636 993 haberemus

103 1035 260 1064 eorum
290 1021 471 1065 vivendi
505 1036 646 1080 genus
675 1022 751 1080 qui
772 1026 883 1075 tum,
916 1023 1168 1065 litterarum
1195 1023 1342 1065 studio
1373 1038 1463 1065 non
1504 1023 1636 1065 unice

104 1091 257 1145 dediti,
278 1092 499 1150 ingenuas
520 1096 673 1136 tamen
689 1097 807 1136 artes
829 1093 1091 1136 adamarent
1117 1098 1159 1137 01,
1186 1094 1328 1152 poetis
1351 1093 1638 1136 clarissimis-

103 1163 248 1221 quein
265 1163 424 1221 quovis
436 1178 600 1222 genere
616 1165 811 1223 ingeniis
830 1165 1116 1208 familiariter
1131 1168 1379 1208 uterentur.
1400 1164 1488 1213 Sic,
1507 1168 1639 1222 poeta

102 1233 230 1287 duce,
256 1249 513 1292 quanquam
534 1236 748 1294 pauciora
781 1240 888 1279 sunt
909 1235 1004 1293 ejus
1034 1236 1302 1293 fragmenta,
1343 1235 1551 1278 nonnihil
1585 1235 1638 1277 de

103 1303 367 1362 quotidiana
393 1305 484 1348 vita
506 1309 549 1349 et
574 1307 761 1365 privatis
789 1307 990 1350 moribus
1012 1307 1261 1350 multorum
1284 1307 1500 1359 virorum,
1527 1321 1638 1363 quos

105 1377 283 1419 tantum
322 1380 506 1435 propter
537 1378 742 1436 publicas
774 1379 964 1422 virtutes
1000 1382 1077 1421 aut
1112 1378 1283 1437 ingenii
1323 1377 1637 1421 excellentiam

105 1446 319 1490 admirari
353 1449 691 1502 consuevimus,
722 1450 938 1503 Cimonis,
971 1449 1173 1501 Periclis,
1212 1449 1430 1507 AEschyli‚
1464 1447 1639 1505 Sopho-

106 1517 204 1571 clis,
237 1519 415 1576 assequi
443 1520 633 1563 fortasse
661 1521 926 1579 poterimus.
960 1521 1230 1578 Quanquam
1262 1535 1353 1562 11011
1382 1523 1528 1578 potest
1550 1518 1662 1560 non'

106 1587 373 1648 imperfecta
402 1591 533 1647 atque
563 1589 685 1632 rudis
713 1604 809 1632 0550
842 1593 908 1631 101
942 1604 1109 1642 10111111,
1143 1592 1205 1631 101
1244 1589 1443 1631 virorum
1475 1588 1637 1644 imago,

107 1663 308 1703 attamen
335 1660 406 1704 vel
428 1660 574 1719 prima
595 1660 872 1704 lineamenta
890 1660 1053 1704 ducere
1076 1675 1238 1718 operae,
1263 1663 1313 1702 ut
1334 1659 1510 1718 opinor,
1542 1673 1643 1716 pre-

109 1731 223 1775 tium
246 1735 326 1775 051.

163 1803 353 1846 Accedit
375 1802 494 1860 quod
526 1802 608 1846 Ion
630 1806 680 1846 ut
700 1806 808 1855 erat,
841 1803 959 1861 quod
988 1802 1169 1861 quidem
1192 1802 1356 1845 Ionieae
1376 1801 1522 1860 gentis
1544 1816 1643 1859 pro-

106 1874 257 1933 prium
274 1889 452 1932 semper
467 1874 551 1917 fuit
565 1878 607 1917 01
620 1874 861 1932 peculiare,
882 1875 1007 1917 molli
1025 1874 1208 1932 ingenio
1226 1877 1268 1916 01
1290 1873 1446 1916 mobili
1464 1876 1639 1924 natura,

107 1944 296 1989 diversis
316 1946 460 1989 aetatis
479 1960 566 2003 qua
592 1946 704 1988 vixit
737 1945 897 1988 studiis
928 1945 1082 1988 debuit
1114 1944 1360 1997 stimulari3
1398 1958 1532 2001 quare
1563 1942 1644 1985 ‹lu-

105 2015 273 2075 plicem
307 2016 507 2060 colorem
541 2030 644 2058 cum
673 2014 769 2073 ejus
802 2016 908 2069 vita,
946 2019 1044 2058 tum
1075 2030 1210 2073 opera
1243 2017 1492 2057 traxerunt.
1531 2014 1643 2055 (lum

107 2087 155 2130 in
174 2087 479 2130 adolescentia
500 2090 542 2129 et
560 2087 706 2145 prima
735 2085 977 2144 juventute
1008 2087 1210 2130 Cimonis
1241 2085 1426 2143 ejusque
1447 2084 1645 2127 familia-

111 2157 230 2200 rium
271 2157 600 2201 consuetudine
636 2158 899 2215 quotidiana
937 2158 1100 2201 fruitus
1140 2158 1197 2199 sit
1234 2157 1504 2214 assidueque
1541 2170 1645 2199 011111

112 2229 329 2289 AEschylo
352 2233 395 2272 et
409 2228 613 2287 ejusdem
636 2230 851 2287 temporis
874 2229 1169 2287 scriptoribus
1188 2231 1392 2271 versatus
1416 2228 1486 2280 sit,
1507 2227 1650 2269 multa

115 2315 169 2343 ex
193 2315 349 2344 eorum
371 2300 539 2353 indole,
565 2300 783 2351 moribus,
809 2301 1029 2343 institutis
1059 2300 1260 2352 retinuit,
1292 2299 1502 2342 adversos
1525 2298 1650 2340 l'eri-

114 2371 172 2415 cli
193 2386 354 2430 gerens
375 2372 551 2415 animos
573 2375 616 2414 et
637 2371 683 2413 in
707 2372 944 2415 scribendo
966 2375 1172 2414 veterum
1194 2371 1396 2429 vestigiis
1417 2370 1645 2412 insistens.

113 2443 216 2487 Mox
249 2458 372 2497 vero,
409 2458 576 2502 magna
610 2442 797 2486 Periclis
833 2443 965 2486 laude
1001 2446 1158 2501 captus
1190 2442 1366 2486 videtur
1399 2441 1565 2499 aliquid
1598 2455 1651 2482 ex

114 2515 264 2574 priore
294 2515 343 2558 in
370 2530 590 2574 magnum
619 2514 764 2557 civem
787 2515 888 2558 odio
917 2514 1143 2557 remisisse
1178 2518 1235 2568 et,
1266 2513 1452 2556 mutatis
1475 2511 1648 2559 studiis,

114 2586 283 2630 multas
317 2602 371 2630 ex
398 2587 528 2631 novis
550 2587 839 2646 opinionibus
861 2603 958 2646 quae
990 2586 1219 2646 Euripidis
1250 2585 1550 2642 aliorumque,
1576 2582 1651 2640 qui

117 2660 215 2701 tum
237 2658 465 2717 vigebant,
491 2659 764 2718 scriptorum
783 2659 1050 2702 auctoritate
1074 2657 1391 2715 vulgabantur,
1411 2654 1648 2713 recepisse.

175 2730 304 2774 Hanc
344 2729 573 2789 duplicem
610 2730 694 2775 viri
734 2734 944 2773 naturam
988 2745 1081 2773 non
1121 2728 1361 2787 indignum
1407 2741 1502 2770 esse
1541 2724 1653 2767 mihi

119 2799 269 2844 visum
297 2804 364 2845 est
395 2801 579 2860 propius
618 2801 840 2860 inspicere
885 2805 929 2845 et
967 2805 1166 2853 enotare,
1215 2800 1251 2843 si
1284 2800 1398 2842 forte
1438 2798 1522 2840 1100
1563 2810 1654 2838 11110

122 2872 329 2931 exemplo
357 2873 602 2932 proposito,
634 2873 797 2916 melius
829 2873 1043 2931 cognosci
1071 2875 1257 2932 possent
1286 2870 1462 2914 diversa
1495 2871 1538 2910 et
1565 2867 1655 2908 fere

124 2943 350 2988 contraria
371 2943 534 2998 studia,
553 2944 671 2988 inter
685 2959 783 3003 quae
805 2944 1019 2989 distracta
1037 2958 1133 2988 esse
1148 2942 1358 2987 videntur
1375 2940 1498 2983 illius
1513 2936 1655 2981 aetatis
