2125 3534
1066 297 1297 339 ,22-

417 410 561 451 meret
580 421 678 465 quae
698 407 793 466 ipse
815 407 1014 460 sentiret,
1040 410 1084 450 et
1098 421 1151 450 ex
1168 407 1351 466 proprio
1373 406 1496 449 fonte
1514 406 1717 449 carmina
1738 421 1818 450 sua
1837 407 1946 452 hau-

416 478 537 522 riret.
562 478 648 521 Sed
668 478 847 537 penitus
873 478 962 521 illae
983 478 1154 537 periere
1176 481 1219 521 et
1239 478 1326 521 alio
1347 493 1431 521 nos
1453 476 1740 521 conferamus
1761 492 1944 523 necesse

415 552 496 603 est,
520 548 638 592 unde
659 549 849 593 certiora
870 550 1096 608 possimus
1117 564 1290 592 eruere.

473 619 689 673 Quaedam
715 634 768 662 ex
794 619 916 662 Ionis
945 620 1100 678 elegiis
1121 619 1376 678 fragmenta
1403 635 1427 662 a
1453 618 1690 662 nonnullis
1718 620 1853 677 paulo
1875 635 1945 664 se-

411 692 562 735 verius
583 691 696 733 mihi
723 690 933 734 videntur
961 706 1056 734 csse
1085 691 1322 734 aestimata.
1349 690 1554 743 Quorum
1587 705 1732 733 unum
1764 691 1812 734 in
1833 692 1945 735 Bac-

413 762 485 806 chi
513 762 733 805 honorem
761 765 827 805 est
852 762 1156 821 compositum
1180 763 1205 805 ¹.
1239 762 1344 805 Haec
1377 761 1536 819 elegia,
1567 761 1614 803 ni
1650 761 1798 817 fallor,
1822 777 1947 821 egre-

413 834 538 893 gium
560 833 820 892 exemplum
842 837 909 876 est
927 834 1111 876 illorum
1128 833 1383 877 carminum
1400 847 1594 891 quorum
1617 833 1769 892 lepore
1791 835 1945 893 epulas

413 919 517 948 suas
551 904 693 948 Graeci
728 904 933 948 solebant
972 904 1205 957 adornare,
1251 919 1356 948 cum
1389 904 1591 947 vicissim
1631 905 1944 964 unusquisque

412 976 708 1020 convivarum
746 979 1002 1034 assurgeret
1034 979 1091 1029 et,
1125 975 1341 1034 poculum
1378 990 1518 1018 manu
1549 978 1724 1029 tenens⁷
1755 976 1812 1019 ad
1837 977 1945 1036 lyrae

411 1040 490 1089 aut
530 1047 648 1090 tibiae
686 1061 848 1090 sonum
887 1062 1045 1090 versus
1083 1047 1256 1105 aliquot
1294 1050 1524 1099 cantaret;
1572 1050 1755 1106 peracto
1791 1051 1945 1091 autem

411 1121 563 1171 cantu,
595 1118 861 1161 nominabat
887 1133 990 1161 eum
1024 1118 1099 1176 qui
1130 1117 1184 1161 ad
1212 1118 1442 1161 dexteram
1473 1117 1670 1171 sedebat,
1710 1121 1841 1177 atque
1877 1118 1946 1161 illi

409 1189 692 1248 propinabat.
718 1189 759 1232 Is
781 1192 932 1233 autem
954 1189 1184 1248 poculum,
1209 1193 1258 1232 ut
1278 1189 1353 1232 alii
1375 1204 1481 1232 mox
1504 1189 1599 1248 ipse
1628 1189 1838 1242 traderet,
1867 1204 1943 1234 ac-

410 1260 617 1319 cipiebat,
641 1264 774 1319 atque
795 1261 857 1304 ita
877 1275 982 1305 cum
1004 1264 1158 1319 patera
1179 1264 1221 1304 ct
1245 1260 1522 1305 carminibus
1543 1261 1946 1305 circumferebatur

410 1332 564 1376 laetitia
585 1333 613 1375 2.

506 1504 573 1511 .....
597 1474 1044 1522 Thyrsum-gestantibus
1064 1474 1173 1510 valde
1193 1476 1405 1510 honoratus
1426 1475 1630 1521 Dionysus,

504 1536 597 1570 Hinc
619 1535 722 1570 enim
744 1535 867 1569 oritur
885 1535 1035 1570 occasio
1057 1535 1104 1569 ad
1124 1535 1292 1570 urbanos
1313 1546 1511 1570 sermones
1531 1535 1656 1570 omnis
1675 1535 1848 1582 generis;

503 1594 621 1641 (hinc)
643 1595 700 1629 illi
721 1594 910 1629 universae
933 1594 1085 1629 Graeciae
1102 1597 1314 1630 conventus
1338 1595 1571 1630 exstiterunt
1594 1597 1632 1630 et
1645 1605 1778 1642 regum
1794 1593 1941 1641 epulae;

503 1653 620 1701 (hinc)
642 1655 724 1689 uvis
746 1657 904 1689 onerata
923 1654 1011 1689 vitis
1032 1665 1051 1688 e
1073 1657 1184 1689 terrae
1202 1654 1415 1689 visceribus

431 1716 450 1747 5
500 1724 628 1748 ramos
649 1713 843 1758 attollens,
865 1713 1072 1748 viridantia
1090 1713 1248 1748 brachia
1269 1713 1435 1759 explieat

502 1773 553 1818 (in
574 1784 660 1808 aere
672 1772 699 1817 ·?)
726 1784 733 1808 ε
757 1784 801 1808 ex
823 1773 906 1819 ejus
927 1775 1055 1808 autem
1076 1773 1238 1820 gemmis
1260 1773 1443 1808 exsiliunt
1463 1773 1658 1808 innumeri

498 1832 578 1867 nati
599 1833 665 1878 qui
684 1833 870 1879 garriunt,
892 1832 960 1867 ubi
978 1832 1076 1867 alius
1098 1843 1214 1878 super
1234 1833 1354 1867 alium
1375 1832 1612 1868 ceciderunt.

497 1893 620 1926 Antea
638 1903 727 1927 vero
749 1895 858 1927 erant
877 1892 974 1927 muti
1006 1893 1032 1927 3.
1057 1892 1150 1927 Cum
1170 1903 1259 1927 vero
1282 1895 1452 1938 strepere
1475 1892 1685 1930 desierunt,

498 1952 729 1997 exprimitur
749 1963 881 1987 eorum
903 1954 1048 1996 nectar,
1073 1952 1199 1987 solum
1219 1952 1442 1987 hominibus
1464 1951 1619 1986 beatum
1640 1961 1794 1997 munus,

407 2014 450 2046 10
499 2022 704 2046 commune
725 2012 941 2046 remedium
962 2012 1009 2047 ad
1029 2011 1204 2047 laetitiam
1225 2022 1247 2046 a
1266 2014 1405 2046 natura
1425 2011 1570 2046 datum.

496 2071 617 2117 Hujus
638 2071 716 2105 cari
737 2071 849 2106 liberi
869 2074 957 2106 sunt
978 2071 1101 2117 epulae
1123 2074 1160 2107 et
1179 2071 1354 2106 convivia
1375 2074 1411 2106 et
1431 2071 1558 2114 chori;

497 2132 535 2165 et
553 2140 779 2176 generosam
801 2131 1004 2166 hominum
1026 2130 1197 2166 indolem
1218 2130 1465 2177 omnipotens
1485 2130 1617 2165 vinum
1635 2129 1774 2177 retegit
1790 2131 1820 2166 4.

444 2310 472 2339 1.
491 2308 543 2339 Ab
566 2308 732 2340 Athenaeo
754 2310 941 2347 servatum,
964 2309 1002 2347 X7
1023 2310 1094 2347 447,
1114 2309 1168 2347 d.;
1185 2308 1312 2350 Bergk,
1334 2309 1412 2350 Lyr.
1433 2317 1499 2348 9⁷²,
1517 2307 1554 2339 111
1573 2308 1672 2349 parte
1692 2307 1813 2346 altera,
1828 2308 1895 2339 vol.
1910 2308 1936 2340 Ι.

442 2357 472 2387 2.
494 2356 594 2387 Hunc
617 2356 828 2397 propinandi
849 2358 882 2387 et
898 2356 1063 2397 poculum
1085 2365 1148 2397 per
1164 2365 1290 2387 manus
1313 2355 1475 2387 tradendi
1502 2364 1637 2387 morem
1658 2355 1767 2396 Lydia
1787 2365 1884 2398 gem,
1907 2357 1937 2388 si

401 2403 504 2434 fidem
522 2403 727 2435 adhibemus
749 2404 874 2442 Critiae,
896 2404 1088 2435 invenerat.
1106 2404 1235 2444 (Critiae
1256 2404 1395 2445 fragm„
1416 2413 1471 2444 ap.
1491 2402 1618 2444 Bergk
1639 2403 1716 2443 Lyr.
1735 2404 1874 2443 9r.‚11).

441 2451 470 2481 3.
492 2450 695 2491 Signifieare
716 2451 789 2481 vult
809 2452 911 2492 poeta
928 2451 1139 2482 vindemiam
1163 2460 1240 2491 quae
1265 2451 1366 2491 quasi
1390 2452 1551 2482 susurrat
1578 2450 1637 2481 ubi
1663 2450 1818 2491 primun]
1835 2459 1935 2482 mus-

400 2499 475 2528 tum
493 2498 669 2538 congestis
688 2498 762 2529 uvis
781 2498 975 2529 fervescere
999 2498 1035 2529 in
1052 2498 1159 2539 praelo
1181 2498 1316 2539 incipit.

438 2547 468 2576 4.
486 2546 595 2576 Aliter
609 2546 771 2586 intelligit
786 2546 878 2576 hunc
893 2554 1032 2576 versum
1047 2545 1225 2587 Koepkius
1242 2547 1347 2586 atque
1362 2545 1409 2576 ita
1424 2544 1543 2576 vertit:
1560 2558 1573 2572 «
1590 2544 1746 2582 Quorum
1760 2545 1935 2577 bonorum

400 2594 563 2623 naturam
592 2602 652 2624 rex
674 2593 830 2624 Bacchus
855 2593 1075 2624 monstravit.
1102 2605 1115 2620 >1
1144 2594 1191 2623 De
1216 2593 1309 2624 Ionis
1335 2593 1393 2624 vit.
1415 2594 1449 2623 et
1473 2593 1615 2633 f'rasfln.⁷
1642 2602 1676 2634 p.
1702 2593 1763 2634 54).
1790 2611 1829 2617 —-
1851 2594 1935 2625 Cum

398 2646 480 2677 10116
501 2646 673 2688 Theognis
694 2646 846 2678 conferri
864 2648 979 2687 potest
996 2646 1042 2686 (v,
1059 2646 1129 2684 498,
1148 2646 1276 2687 Bergk>
1293 2656 1300 2677 ε

682 2710 730 2741 Ἐν
748 2713 823 2753 πυρὶ
842 2713 896 2751 μὲν
915 2711 1035 2753 χρυσόν
1053 2722 1085 2741 τε
1103 2712 1157 2741 καὶ
1174 2711 1306 2752 ἄργυρον
1321 2711 1415 2752 ἴδριες
1430 2710 1536 2752 ἄνδρες

684 2759 913 2800 Γιγνώσκουσ’,
931 2759 1040 2801 ἀνδρὸς
1056 2758 1080 2789 δ’
1096 2757 1180 2793 οἶνος
1201 2758 1299 2796 ἔδειξε
1314 2758 1401 2790 νόον.

402 2816 489 2848 Hinc
509 2817 592 2857 quid
612 2827 648 2849 re
664 2818 742 2860 ipsa
761 2819 854 2850 Ionis
878 2819 983 2850 verba
1003 2818 1201 2859 significent
1218 2818 1367 2859 intelligi
1384 2819 1511 2860 potest,
1533 2819 1599 2850 etsi
1620 2819 1793 2860 Theognis
1812 2818 1933 2851 vinum

401 2874 472 2895 non
491 2874 702 2904 {senet-osam,
721 2866 781 2897 sed
797 2869 929 2907 turpem
945 2866 1097 2897 hominis
1112 2868 1275 2897 naturam
1296 2865 1456 2906 detegere
1477 2866 1582 2898 dicat.
1599 2866 1694 2899 Idem
1709 2865 1826 2899 valent
1838 2866 1932 2900 Ionis

403 2913 437 2943 et
452 2912 661 2953 Theognidis
683 2913 799 2952 verba,
818 2913 912 2954 quod
933 2913 1164 2949 Horatianum
1181 2912 1269 2948 illud
1289 2923 1296 2946 :
1320 2912 1428 2946 libera
1443 2913 1535 2945 vina.
