2125 3534
930 267 1158 310 -25-

276 376 520 436 exemplar,
546 374 600 419 ad
627 390 765 419 coente
799 375 1128 419 delectamenta
1162 378 1373 420 convivas
1401 377 1617 420 hortatur.
1639 378 1792 421 Totius

276 463 383 492 vero
413 447 681 491 hortationis
717 460 860 504 genus
904 447 986 489 hoc
1026 451 1107 498 est,
1144 452 1187 489 ut
1218 463 1422 490 severum
1453 452 1495 490 et
1537 448 1796 505 religiosum

279 519 476 562 colorem
508 518 655 560 trahat
685 532 739 559 ex
773 518 1021 575 praepositis
1049 518 1258 573 gravibus
1284 518 1507 576 precihus,
1543 519 1704 575 quilius
1743 519 1801 561 dii

280 589 606 648 Spartanorum
634 587 854 646 indigetes
889 591 931 630 et
961 588 1111 645 stirpis
1138 589 1266 646 regiae
1299 589 1455 632 heroes
1485 589 1761 632 invocantur
1792 604 1800 631 ;

373 719 493 763 Salve,
517 730 581 754 rex
603 720 744 761 noster,
769 720 1014 762 servatorque,
1037 720 1219 763 paterque
1244 719 1251 743 ¹
1270 730 1277 759 ;

371 780 482 814 nobis
502 782 689 813 craterem
711 777 854 824 (vinum
877 777 914 811 in
935 777 1095 822 cratere)
1118 778 1212 811 servi
1237 777 1498 811 ministrantes
1520 777 1649 812 vinum

370 838 557 873 misceant
579 837 614 871 in
636 836 825 879 argenteis
845 835 1051 881 gutturniis
1073 839 1128 881 <ut
1151 836 1383 881 impleantur
1401 836 1631 881 gutturnia);
1654 847 1770 871 aurea

370 897 500 931 vinum
521 896 726 930 continens
747 906 765 930 e
787 894 964 929 manibus
987 895 1125 929 nostris
1147 894 1239 929 libet
1260 895 1296 929 in
1319 895 1579 940 pavimentum
1600 897 1626 930 2.
1661 896 1804 941 [phiala

278 958 297 991 5
372 955 549 990 Libantes
572 955 632 1000 pie
654 954 806 989 Herculi
829 958 866 988 et
887 954 1094 998 Alcmena),

370 1014 496 1049 Procli
517 1013 762 1058 Persidisque
785 1025 806 1047 a
824 1014 912 1048 Jove
936 1013 1179 1058 incipientes,

369 1073 557 1115 bibamus,
582 1072 781 1115 luda1nus;
806 1083 873 1117 per
895 1074 1011 1106 totam
1033 1075 1186 1107 noctem
1208 1075 1342 1107 cantus
1363 1073 1583 1116 emittatur;

371 1133 484 1168 saltet
503 1132 655 1177 aliquis.
679 1132 815 1166 Libens
837 1132 998 1178 prmside
1020 1132 1232 1166 amicorum
1254 1132 1411 1167 laetitiae.

369 1192 489 1233 Quem
507 1201 599 1227 vero
622 1192 790 1226 formosa
809 1193 1005 1236 exspectat
1025 1190 1167 1226 mulier
1186 1191 1326 1237 conjux

280 1253 322 1286 10
372 1251 402 1286 is
424 1251 563 1286 ceteris
585 1249 727 1285 elarius
748 1249 913 1297 (fortius)
936 1250 1052 1285 bibet.

336 1381 492 1425 Cetera
521 1381 768 1439 elegiarum
799 1381 1049 1439 fragmenta
1075 1380 1261 1423 exiliora
1290 1384 1395 1423 sunt
1424 1395 1558 1438 quam
1591 1384 1641 1423 ut
1670 1396 1723 1424 ex
1753 1380 1806 1424 iis

276 1451 329 1495 de
349 1452 471 1495 Ionis
504 1453 679 1511 poetica
712 1452 876 1495 virtute
908 1452 954 1494 in
982 1451 1065 1494 hoc
1094 1451 1346 1494 litterarum
1381 1466 1543 1509 genere
1580 1452 1803 1510 possimus

274 1523 406 1582 plura
428 1523 668 1582 conjicere.
688 1524 903 1566 Attamen
925 1538 946 1566 c
969 1522 1224 1580 fragmento
1249 1523 1408 1580 quinto

368 1654 437 1690 Ille
458 1657 587 1689 autem
608 1655 798 1698 oriqanum
819 1654 920 1689 dicto
942 1654 1055 1689 citius
1077 1654 1115 1688 in
1136 1663 1253 1688 manu
1274 1652 1374 1688 celat
1401 1654 1414 1678 3

280 1771 494 1816 discimus
510 1772 668 1816 Ionem
690 1772 736 1814 in
752 1772 988 1815 scribendo
1010 1787 1103 1815 non
1125 1786 1302 1829 semper
1329 1785 1493 1829 purum
1516 1774 1558 1814 ct
1579 1771 1806 1814 sincerum

280 1843 425 1887 atticae
444 1843 609 1902 linguae
625 1858 798 1887 morem
815 1858 910 1887 esse
926 1846 1131 1886 secutum
1153 1843 1182 1885 ·'*.
1196 1841 1265 1885 Ad
1281 1842 1586 1900 fragmentum
1599 1845 1776 1885 sextum
1796 1855 1804 1884 :

375 1973 495 2016 Quam
515 1973 608 2009 olim
630 1973 779 2020 (Chium
800 1972 950 2019 urbem)
972 1972 1075 2007 tilius
1096 1972 1230 2008 Thesei
1252 1971 1426 2007 condidit
1444 1971 1642 2018 OEnopion
1663 1973 1677 1997 5

283 2088 601 2132 animadvertit
632 2089 902 2134 Plutarchus
920 2090 1042 2133 Ionis
1075 2090 1210 2133 verba
1237 2104 1396 2148 parum
1426 2104 1675 2147 congruere
1705 2104 1808 2133 cum

282 2159 494 2218 opinione
517 2162 747 2204 communi
771 2161 1032 2205 Graecorum
1053 2163 1082 2214 ⁶,
1108 2161 1183 2220 qui
1204 2161 1508 2220 OEnopionem
1530 2160 1806 2204 arbitraban—

322 2308 351 2338 l.
372 2307 432 2339 His
452 2308 569 2339 verbis
583 2309 758 2350 designari
774 2310 896 2341 Jovem
913 2311 994 2341 sunt
1008 2310 1067 2350 qui
1082 2309 1298 2340 arbitrentur
1313 2307 1473 2349 (Koepke⁷
1488 2318 1541 2349 op.
1560 2308 1668 2347 laud.,
1683 2317 1716 2349 p.
1733 2307 1804 2347 56);

280 2354 339 2386 alii
354 2355 530 2387 Bacchum
546 2356 597 2387 vel
614 2356 728 2397 ipsum
743 2356 994 2387 Archidamum
1008 2355 1244 2397 (Nieberding,
1257 2365 1310 2396 op.
1333 2354 1440 2393 laud„
1455 2364 1488 2395 p.
1506 2355 1567 2393 69).
1585 2355 1668 2386 Cum
1690 2355 1809 2395 Ilaup-

281 2402 330 2434 tio
355 2412 539 2435 censemus
563 2404 623 2442 (de
648 2403 740 2434 Ionis
765 2403 915 2435 versibus
944 2405 1038 2445 apud
1057 2404 1258 2435 Allzemeum
1280 2403 1333 2440 XI,
1361 2412 1393 2443 p.
1422 2403 1492 2433 463.
1523 2403 1687 2441 Berolini,
1720 2404 1808 2441 1863,

281 2451 413 2491 progr.)
435 2453 468 2482 et
481 2452 519 2482 Ο.
536 2451 715 2482 Muellerio
737 2451 962 2491 (Litle'rature
978 2460 1134 2493 (Ji-ecque,
1156 2451 1181 2489 1,
1202 2460 1236 2492 p.
1257 2451 1327 2489 228,
1348 2450 1385 2482 in
1406 2450 1635 2482 translatione
1657 2450 1809 2492 gallica),

281 2496 532 2530 Archidamum
553 2498 740 2539 designari,
766 2499 1019 2539 Spartanorum
1038 2508 1166 2539 regem.

321 2545 350 2575 2.
372 2545 540 2577 Mendosa
558 2545 594 2576 in
614 2545 679 2577 hoc
697 2546 772 2577 loco
794 2546 1017 2577 librariorum
1037 2546 1214 2587 scriptura
1233 2545 1372 2577 videtur
1390 2555 1476 2584 csse,
1495 2554 1607 2586 neque
1627 2545 1740 2577 adhuc
1754 2544 1807 2576 ul-

280 2590 353 2623 lum
368 2592 452 2624 satis
474 2594 595 2634 aptum
616 2593 810 2624 remedium
831 2593 874 2624 ad
894 2603 1016 2625 versus
1037 2593 1264 2635 corrigendos
1281 2594 1460 2635 repertum
1481 2594 1544 2624 est.

321 2639 350 2670 3.
371 2639 508 2680 Fragm.
532 2641 560 2677 5,
584 2649 638 2680 ap.
663 2639 789 2680 Bergk,
809 2640 886 2680 Lyr.
906 2650 1006 2680 qr'oec.

319 2686 348 2716 4.
368 2685 442 2717 Vox
462 2685 615 2726 ὀρίγανος,
632 2695 737 2726 quam
760 2686 990 2718 masculinam
1004 2688 1152 2728 usurpat
1166 2687 1227 2718 Ion
1244 2686 1452 2719 femininum
1470 2697 1579 2729 genus
1600 2687 1806 2729 plerumque

279 2732 417 2764 retinet.
436 2733 511 2764 Non
526 2734 643 2765 tamen
657 2733 922 2765 consentiebant
939 2735 1049 2766 Graeci
1069 2734 1257 2775 scriptores
1278 2734 1319 2766 de
1339 2735 1443 2776 huJus
1455 2735 1548 2767 vocis
1565 2745 1702 2777 genere.
1722 2734 1806 2769 Vide

281 2778 486 2811 Athenaeum
508 2780 548 2818 ΙΙ,
570 2782 619 2819 68,
641 2780 684 2816 b‚·
706 2781 747 2812 cf.
768 2780 916 2822 Etymol.
939 2782 1067 2823 Mayn„
1089 2781 1153 2813 sub
1174 2791 1205 2813 v.
1228 2780 1382 2823 ὀρίγανος.

322 2827 350 2857 5.
374 2827 510 2867 Fragm.
531 2828 561 2864 6,
579 2837 634 2869 ap.
656 2827 783 2868 Bergk,
802 2829 880 2869 Lyr.
903 2838 955 2868 qr.

322 2874 351 2904 6.
375 2873 561 2913 Plutarch„
587 2875 740 2914 Mesena,
762 2876 827 2907 XX.
