2125 3534
1095 292 1324 335 -62-

448 413 593 457 neque
616 399 883 444 destiterunt
910 403 1040 445 novis
1073 404 1309 447 elementis
1343 404 1538 457 misceri,
1568 403 1809 462 temperari
1842 407 1898 457 et,
1922 408 1971 449 ut

450 470 631 528 quidam
662 472 876 526 sentiunt,
901 472 1145 531 inquinari.
1178 476 1278 518 Jam
1314 474 1417 517 Lasi
1450 474 1791 517 Hermionensis
1825 474 1973 534 dithy-

451 542 593 584 rambi
629 558 653 584 a
687 542 971 587 Corinthiaco
1011 545 1147 588 choro
1193 546 1486 603 ai¹g111nentiS‚
1530 544 1768 603 rhythmis,
1816 546 1970 588 metris

451 612 713 656 dill'erebant
735 616 760 657 ¹.
786 615 887 658 Mox
908 616 936 669 2,
973 616 1079 659 dum
1106 617 1249 676 plebis
1274 616 1446 675 judicio
1479 620 1618 674 poetae
1648 616 1902 659 inserviunt
1929 620 1972 659 et

451 684 783 738 tlzeatroeratz'oe,
806 690 856 729 ut
878 687 939 729 ait
961 687 1086 731 Plato
1109 690 1137 741 ³,
1167 703 1341 731 morem
1367 691 1542 747 gerunt,
1568 687 1614 729 in
1633 687 1785 746 lyricis
1807 687 1971 730 carmi-

449 755 581 798 nibus
614 757 831 814 tragicam
867 758 957 801 vim
986 759 1150 802 referre
1190 763 1431 811 conantur;
1459 758 1618 816 spretis
1646 758 1808 816 prioris
1835 758 1976 801 aetatis

448 826 637 885 legibus,
671 835 885 883 μιμητικοὺς
901 828 1011 886 jam,
1034 833 1082 873 ut
1102 830 1358 872 Aristotelis
1374 829 1510 872 verbo
1532 832 1646 881 utar,
1664 828 1974 887 dithyrambos

447 900 762 957 componunt4
800 903 841 941 et
875 901 1022 943 varios
1053 901 1243 944 canendi
1276 916 1410 943 sonos
1440 900 1651 957 vocisque
1683 903 1724 942 et
1760 900 1971 943 tibiarum

447 968 712 1011 inflexiones
749 969 1044 1028 depingendis
1080 971 1337 1014 animorum
1371 970 1601 1013 affectibus
1635 970 1829 1028 aptiores
1851 970 1974 1013 adhi-

447 1039 555 1082 bent
576 1041 603 1081 ὅ.
630 1040 976 1099 Melanippidem
999 1042 1104 1084 satis
1132 1042 1187 1084 sit
1207 1041 1459 1093 nominare,
1482 1040 1702 1100 Phrynin,
1728 1040 1972 1093 Cinesiam‚

446 1109 732 1152 Timotheum
753 1111 1000 1169 praesertim
1028 1115 1070 1153 et
1102 1111 1424 1164 Philoxenum,
1459 1126 1569 1169 quos
1591 1111 1723 1153 multi
1741 1114 1971 1169 praeterea‚

449 1195 707 1238 quanquam
726 1181 1022 1234 obscuriores,
1043 1182 1185 1226 secuti
1208 1185 1313 1225 sunt
1335 1184 1363 1224 ὓ.

507 1251 635 1303 Quod
658 1252 694 1294 si
716 1252 813 1310 quis
836 1252 1094 1311 diligentius
1127 1253 1360 1310 exquirere
1387 1252 1496 1295 velit
1523 1252 1668 1311 qualis
1696 1252 1832 1295 fuerit
1852 1252 1974 1295 Ionis

448 1323 494 1365 in
514 1322 798 1381 dithyrambo
829 1324 984 1373 virtus,
1010 1324 1196 1376 nullius,
1222 1328 1271 1366 ut
1300 1324 1360 1366 ita
1393 1323 1554 1376 dicam,
1580 1323 1634 1366 ad
1668 1338 1763 1366 rem
1788 1323 1975 1366 investi-

448 1393 658 1452 gandam,
689 1394 785 1451 opis
813 1409 907 1437 esse
937 1398 1147 1453 poterunt
1173 1395 1269 1453 ipsa
1301 1395 1568 1453 fragmenta,
1600 1410 1696 1452 quae
1729 1394 1975 1438 admodum

448 1479 592 1523 pauca
626 1464 754 1507 nobis
787 1464 950 1507 tradita
987 1469 1105 1508 sunt.
1130 1464 1214 1507 Sed
1242 1465 1385 1507 multa
1414 1465 1502 1507 alia
1537 1465 1668 1508 nobis
1703 1465 1975 1508 documento

447 1539 552 1578 sunt
578 1538 755 1594 poetam
779 1535 941 1578 Chium
963 1536 1124 1579 iisdem
1152 1536 1199 1578 in
1237 1535 1320 1578 hoc
1349 1550 1537 1594 operum
1561 1551 1725 1594 genere
1761 1536 1883 1579 vitiis
1913 1536 1975 1579 la-

445 1607 688 1659 boravisse,
710 1622 807 1664 quae
832 1608 1042 1651 omnihus
1066 1608 1157 1651 fere
1185 1607 1466 1661 recentioris,
1500 1608 1575 1666 qui
1610 1607 1789 1661 dicitur,
1826 1607 1976 1666 dithy-

445 1678 588 1721 rambi
610 1678 871 1721 auctoribus
895 1678 1110 1722 videntur
1138 1679 1389 1722 inhaesissc.

502 1750 559 1794 Ut
585 1750 784 1807 primum
814 1749 866 1792 de
889 1751 1063 1798 musica
1092 1751 1265 1808 loquar,
1291 1765 1388 1808 quae
1421 1750 1468 1792 in
1505 1749 1803 1808 dithyrambis
1836 1750 1974 1809 pluri-

444 1835 571 1863 mum
593 1821 783 1874 valebat,
808 1821 981 1864 nemini
1004 1821 1191 1864 dubium
1213 1836 1309 1863 esse
1331 1823 1477 1879 potest
1497 1820 1607 1878 quin
1629 1819 1779 1862 Ioniis
1801 1820 1973 1864 artibus

444 1908 553 1935 usus
578 1893 634 1935 sit
657 1907 849 1951 quarum
876 1893 1052 1935 novitas
1073 1896 1169 1935 tum
1200 1892 1343 1951 plebis
1365 1892 1542 1934 animos
1576 1891 1818 1934 detinebat.
1845 1892 1972 1935 Cete-

445 1980 546 2007 rum
568 1964 791 2007 fateamur
825 1979 1008 2007 necesse
1045 1967 1111 2007 est
1150 1979 1255 2006 eum
1290 1964 1337 2006 in
1368 1978 1418 2006 ea
1443 1978 1488 2005 re
1509 1977 1670 2021 parum
1704 1963 1892 2006 atticum
1925 1978 1971 2007 se

443 2036 701 2094 praebuisse.
722 2035 1023 2078 Athenienses
1039 2035 1177 2088 enim,
1197 2049 1332 2092 quam
1351 2034 1397 2076 in
1417 2033 1652 2077 audiendis
1671 2033 1770 2077 aliis
1792 2049 1885 2077 non
1900 2034 1971 2076 in-

439 2107 691 2165 jucundam
707 2122 802 2150 esse
816 2105 1095 2164 judicabant,
1120 2105 1443 2149 mutandarum
1461 2105 1645 2148 musicae
1658 2105 1810 2163 legum
1827 2105 1972 2149 scien-

442 2179 568 2232 tiam,
588 2194 678 2221 non
701 2178 969 2221 exercebant
995 2178 1080 2236 ipsi
1103 2192 1110 2221 :
1135 2181 1179 2220 at
1208 2178 1279 2236 pie
1307 2180 1350 2220 et
1375 2176 1584 2235 religiose
1612 2176 1810 2235 integras
1837 2180 1969 2235 atque

441 2249 747 2292 immutabiles
766 2248 1016 2292 diutissime
1039 2249 1263 2291 retinuere
1281 2262 1374 2291 non
1398 2246 1532 2290 modo
1553 2247 1844 2305 antiquorum
1867 2262 1971 2291 can-

441 2324 570 2364 tuum
591 2320 938 2373 modulationes,
970 2319 1047 2363 sed
1069 2320 1263 2363 citharas
1284 2320 1403 2377 ipsas
1426 2321 1468 2361 et
1488 2318 1620 2361 tibias
1643 2319 1670 2360 ⁷.
1692 2318 1968 2362 ,Iamdudum

481 2488 507 2518 1.
531 2487 685 2525 Gevaert,
706 2487 856 2519 Histoire
884 2490 915 2519 et
939 2486 1076 2518 Tlie'orie
1095 2486 1136 2517 (Ze
1163 2485 1197 2517 la
1218 2485 1375 2527 musique
1394 2485 1435 2516 cle
1455 2483 1673 2526 l'Antiquitaei,
1696 2483 1737 2522 II,
1755 2492 1788 2525 p.
1810 2484 1867 2514 441
1889 2491 1964 2524 sqq.

480 2536 508 2565 2.
528 2535 641 2566 Medio
664 2534 733 2565 fere
754 2536 876 2575 quinto
897 2535 1035 2567 saeculo.
1059 2534 1143 2566 Vide
1174 2534 1332 2572 Gevaert,
1356 2542 1408 2574 op.
1438 2531 1546 2571 laud„
1562 2541 1595 2573 p.
1615 2532 1673 2563 476
1703 2540 1778 2572 sqq.
1801 2530 1848 2562 Cf.
1870 2530 1967 2563 Aris-

440 2582 594 2620 totelem,
616 2582 740 2620 Probl„
760 2583 843 2613 XIX.

480 2630 508 2660 3.
530 2629 637 2667 Plato,
656 2630 767 2669 Leyes,
787 2630 843 2667 ΙΙΙ,
868 2631 914 2661 15.

479 2679 508 2707 4.
530 2676 747 2714 Aristoteles,
774 2677 898 2716 I'robl.,
923 2677 1006 2708 xlx.

480 2726 508 2756 5.
537 2726 694 2763 Gevaert,
723 2735 774 2766 op.
798 2724 907 2761 land„
929 2724 970 2762 ΙΙ,
992 2733 1024 2764 p.
1058 2724 1116 2754 485
1144 2732 1218 2763 sqq.
1249 2722 1350 2764 Apud
1385 2722 1626 2754 Pherecratem
1657 2720 1792 2762 (comio.
1826 2729 1967 2761 yroeeor.

439 2773 578 2813 fraym..
599 2772 713 2810 Didot,
734 2782 766 2813 p.
795 2773 862 2812 1110)
882 2771 958 2802 vide
973 2771 1113 2802 Musicae
1135 2770 1295 2811 querelas
1314 2771 1348 2801 in
1367 2780 1425 2801 eos
1447 2770 1505 2811 qui
1525 2779 1601 2801 ean]
1617 2770 1861 2810 corruperunt.

479 2822 508 2852 6.
530 2822 577 2852 De
599 2821 905 2852 immutationibus
930 2829 1007 2860 quae
1040 2819 1298 2860 dithyrambico
1325 2819 1445 2861 generi
1477 2819 1713 2857 accesserunt,
1734 2818 1811 2850 vide
1838 2816 1965 2859 Bergk,

440 2868 571 2900 Grieelz.
594 2869 750 2906 Lile1·al.,
773 2868 812 2905 ΙΙ,
832 2877 864 2908 p.
888 2868 945 2898 528
963 2876 1038 2907 sqq.

479 2916 506 2946 7.
527 2917 683 2953 Gevaert,
702 2925 752 2955 ορ.
777 2915 885 2952 laztd.,
906 2914 946 2952 ΙΙ,
966 2923 1000 2954 p,
1022 2915 1091 2945 252.

2110 3350 2125 3534 Mas-
2118 3296 2125 3332 Α-
