2125 3534
274 395 326 440 de
353 395 467 439 fictis
488 393 620 438 rebus
647 394 878 453 agebatur,
912 411 1003 438 non
1031 396 1083 438 de
1114 395 1353 439 reconditis
1383 394 1786 438 vetustissimarum

273 470 457 510 aetatum
478 465 729 517 miraculis;
756 465 833 508 sed
854 480 950 523 quae
980 470 1134 509 auctor
1157 467 1248 524 ipse
1279 467 1323 508 in
1351 465 1786 524 peregrinationibus

274 538 367 580 suis
387 537 574 588 viderat,
592 551 642 580 ea
658 536 1030 587 recensebantur;
1050 536 1404 594 depingebantur
1419 536 1502 578 viri
1521 536 1787 593 quibuscum

275 609 461 658 vixerat,
494 607 793 651 narrabantur
814 621 884 649 res
909 607 1069 664 quibus
1096 607 1302 665 gerendis
1330 607 1594 649 interfuerat
1617 611 1659 649 et
1680 621 1788 664 quas

274 678 328 722 ab
356 678 603 737 aequalibus
632 678 723 721 suis
755 681 902 736 gestas
931 677 1101 721 viderat
1133 682 1210 721 aut
1241 678 1486 730 audiverat,
1524 678 1583 721 ita
1611 681 1660 720 ut
1688 676 1787 734 jure

276 756 526 804 ὑπομνήματα,
542 764 628 807 quo
647 749 831 792 nomine
845 748 958 792 liber
969 763 1296 807 nonnunquam
1310 749 1550 807 inscriptus
1563 752 1629 791 est
1646 749 1677 801 ¹,
1691 754 1789 791 Ἐπι-

274 825 400 875 δημίαι
421 820 509 864 illae
530 819 617 863 diei
636 824 831 878 possent.

331 890 535 942 Inanem,
556 890 687 934 credo
708 890 929 949 equidem,
949 905 1129 949 operam
1145 895 1394 942 consumat,
1413 891 1449 933 si
1465 891 1563 948 quis
1581 889 1790 934 adstriete

274 962 380 1006 velit
401 961 584 1004 desinire
616 977 702 1020 quo
734 966 933 1020 tempore
955 962 1038 1005 hoc
1061 962 1180 1005 Ionis
1202 977 1314 1020 opus
1343 961 1573 1005 conditum
1598 961 1666 1004 sit.
1693 960 1791 1003 Ple-

274 1047 410 1091 raque
444 1033 565 1075 enim
595 1032 648 1075 ab
679 1036 858 1076 auctore
891 1033 1026 1075 variis
1058 1033 1346 1092 temporibus,
1373 1036 1503 1091 prout
1533 1032 1663 1075 rebus
1685 1032 1792 1090 ipsis

275 1103 376 1162 plus
398 1103 550 1146 minus
571 1107 842 1156 moveretur,
873 1104 1036 1162 scripta
1053 1119 1147 1146 esse
1166 1103 1408 1147 admodum
1429 1103 1523 1146 veri
1544 1103 1691 1146 simile
1709 1107 1788 1146 est.

275 1173 387 1217 Cum
408 1177 559 1216 tamen
581 1174 750 1217 serium
779 1174 922 1232 magis
950 1174 1161 1232 quiddam
1190 1175 1405 1217 haberent
1424 1180 1631 1229 Ἐπιδημίαι.
1659 1189 1792 1232 quam

273 1244 352 1287 illa
385 1245 612 1303 poeticum
654 1245 699 1288 in
736 1259 907 1288 morem
943 1249 1128 1288 tractata
1161 1253 1245 1288 Χίου
1276 1253 1400 1297 κτίσις,
1436 1245 1675 1303 quamdam
1710 1245 1793 1288 aevi

275 1315 580 1358 maturitatem
615 1315 920 1373 requirebant;
969 1331 1112 1374 neque
1152 1316 1318 1359 invitus
1352 1316 1589 1368 adsentiar,
1626 1317 1661 1359 si
1695 1316 1793 1374 quis

275 1386 484 1445 opinetur
510 1385 667 1429 Ionem
701 1401 793 1429 non
826 1386 1158 1445 componendas
1187 1387 1239 1429 ad
1275 1401 1347 1430 eas
1382 1387 1503 1445 prius
1535 1387 1790 1439 accessisse,

277 1471 412 1515 quam
443 1456 490 1498 in
511 1464 625 1499 Κτίσει
659 1456 873 1515 pedestris
902 1458 1116 1500 orationis
1148 1457 1407 1501 tiroeinium
1442 1458 1632 1501 fecisset.
1675 1457 1810 1502 Inter.

276 1527 544 1586 fragmenta,
580 1527 736 1581 fateor,
771 1528 981 1571 nonnulli
1027 1528 1112 1571 loci
1157 1529 1465 1580 inveniuntur,
1507 1528 1561 1571 ad
1612 1543 1661 1571 ea
1699 1542 1797 1587 per-

276 1598 472 1642 tinentes
492 1613 588 1657 quae
609 1599 654 1641 in
683 1599 825 1657 prima
846 1599 1145 1642 adolescentia
1166 1599 1247 1642 Ion
1267 1599 1439 1642 viderat
1458 1600 1486 1642 Ξ.
1513 1599 1598 1642 Sed
1620 1598 1725 1657 quid
1743 1598 1797 1641 ad

275 1670 398 1712 rem?
414 1668 479 1712 Ne
500 1683 551 1712 ea
567 1668 763 1727 quidem,
782 1684 881 1712 mea
897 1670 1133 1721 sententia,
1151 1670 1274 1728 prius
1293 1669 1523 1712 memorias
1541 1668 1797 1712 mandanda

279 1739 464 1792 curavit,
490 1755 625 1798 quam
646 1744 810 1798 posset,
836 1741 966 1783 annis
998 1741 1129 1799 paulo
1160 1741 1339 1798 gravior
1365 1740 1522 1793 factus,
1548 1740 1798 1798 intelligere

280 1810 500 1854 memoria
546 1825 637 1854 non
688 1811 874 1869 indigna
915 1826 1024 1855 esse.
1070 1811 1301 1864 Ceterum,
1338 1811 1414 1869 qui
1456 1811 1674 1870 potuisset
1719 1810 1800 1854 Ion

283 1992 403 2025 Ionem
421 1993 539 2036 ipsum
555 1993 643 2026 libro
661 2004 723 2026 suo
745 1994 967 2036 inscripsisse
982 1994 1040 2026 vix
1059 1993 1203 2026 dubium
1220 2003 1296 2026 esse
1310 1995 1434 2036 potest.
1451 1995 1541 2026 Voce
1561 1996 1677 2027 autem
1696 1993 1802 2036 ὑπομ-

282 2039 413 2080 νήματα
432 2041 544 2073 serius
564 2043 699 2073 tantum
719 2042 761 2073 ad
780 2041 1035 2083 designandum
1055 2051 1142 2083 opus
1162 2041 1215 2072 usi
1236 2043 1317 2072 sunt
1335 2041 1449 2073 critici
1463 2042 1539 2073 viri.
1560 2042 1661 2074 Plane
1680 2052 1801 2074 assen-

283 2088 392 2120 timur
410 2088 580 2131 Koepkio‚
602 2090 700 2129 cujus
721 2089 761 2121 de
781 2099 821 2120 ea
839 2098 875 2120 re
891 2089 997 2120 verba
1019 2089 1091 2120 haec
1112 2091 1193 2120 sunt
1211 2099 1216 2119 :
1239 2102 1253 2116 «
1276 2088 1482 2120 ...Eumdem
1500 2089 1627 2120 librum
1648 2098 1751 2130 quem
1766 2090 1800 2122 Io

282 2135 468 2176 Ἐπιδημίαι
496 2137 737 2178 inscripsisset
759 2137 950 2169 serioribus
982 2137 1210 2178 temporibus,
1237 2146 1315 2168 cum
1341 2136 1497 2176 ejusdem
1525 2137 1662 2178 generis
1689 2139 1721 2169 et
1746 2146 1802 2169 ar-

281 2184 439 2224 gumenti
457 2184 586 2225 scripta
604 2184 640 2215 in
660 2184 880 2216 bibliothecis
900 2184 1062 2215 universo
1083 2183 1322 2224 ὑπομνημάτων
1346 2184 1446 2215 titulo
1465 2184 1803 2225 comprehenderen-

282 2232 341 2262 tur
359 2232 393 2262 et
411 2230 676 2273 insignirentur,
697 2241 716 2263 a
737 2232 931 2263 Scholiasta
950 2232 1035 2262 salsa
1057 2232 1390 2263 commentariorum
1416 2231 1644 2273 inscriptione
1670 2232 1803 2273 signifi-

283 2279 361 2309 cata
380 2287 455 2309 esse
474 2279 559 2319 quin
579 2278 761 2310 credamus
779 2279 867 2310 nihil
889 2279 1015 2310 obstat.
1039 2292 1053 2306 »
1073 2280 1137 2318 (De
1153 2279 1430 2320 Hypomnematis
1453 2279 1582 2319 yroecis,
1605 2279 1646 2316 II,
1666 2289 1699 2320 p.
1719 2281 1750 2310 4.
1765 2297 1803 2303 -

284 2325 333 2357 Cf.
353 2326 569 2366 Bernhardy,
591 2326 722 2358 Griech.
744 2327 861 2357 Litter.
891 2327 1020 2363 Gesch..
1047 2326 1088 2364 11,
1109 2328 1139 2363 2,
1160 2337 1192 2368 p.
1220 2327 1285 2367 49.)
1310 2345 1347 2349 —
1374 2326 1471 2364 Quod
1492 2328 1608 2357 autem
1634 2327 1675 2358 ad
1708 2327 1804 2358 vocis

283 2372 469 2414 Ἐπιδημίαι
485 2374 776 2415 significationem
797 2376 942 2416 spectat,
961 2374 1069 2405 multa
1083 2374 1166 2405 olim
1181 2375 1214 2405 et
1227 2374 1320 2405 varia
1335 2373 1601 2416 disputaverunt
1617 2373 1710 2406 docti
1724 2374 1802 2412 viri,

285 2428 364 2452 cum
388 2420 488 2452 alteri
517 2420 769 2452 contenderent
798 2421 863 2453 hoc
888 2422 994 2453 verbo
1018 2421 1194 2462 designari
1222 2421 1412 2453 illustrium
1439 2422 1604 2459 virorum,
1626 2421 1661 2453 in
1689 2421 1806 2453 insula

285 2467 380 2506 Chio,
399 2468 459 2499 ubi
480 2478 539 2500 eos
557 2468 618 2499 Ion
634 2469 865 2509 cognovisset,
881 2469 1186 2506 commorationes,
1208 2478 1320 2509 neque
1339 2478 1488 2509 usquam
1511 2468 1600 2500 hanc
1624 2478 1741 2501 vocem
1762 2468 1805 2500 ad

251 2539 257 2542 .
283 2514 531 2555 significandas
559 2516 854 2556 pereqrinaeiones
875 2518 1079 2558 usurpatam
1109 2525 1202 2554 esse;
1228 2516 1327 2547 alteri
1350 2525 1430 2547 vero
1457 2516 1715 2547 arbitrarentur
1741 2515 1806 2547 hae

258 2600 261 2602 ‚
284 2572 369 2594 voce
387 2564 480 2595 Ionis
499 2564 610 2605 ipsius
632 2563 758 2594 itinera
771 2565 805 2594 et
822 2563 960 2605 peregri
974 2563 1267 2595 commorationes
1282 2562 1481 2604 significari.
1498 2563 1582 2594 Rem
1596 2563 1698 2604 plane
1718 2572 1802 2595 enu-

284 2610 409 2642 cleavit
428 2613 462 2642 et
481 2611 612 2643 nodum
629 2610 804 2652 expedivit
824 2611 861 2641 V.
879 2611 978 2649 Rose,
1000 2611 1104 2642 allato
1121 2611 1273 2651 quodam
1291 2611 1410 2642 Joanis
1431 2609 1655 2642 Alexandrini
1673 2610 1747 2642 loco
1765 2609 1806 2641 de

284 2657 506 2698 Hippocratis
532 2657 744 2698 Ἐπιδημίαις,
767 2658 803 2688 in
826 2667 894 2699 quo
920 2661 1136 2691 memoratur
1164 2659 1256 2691 Ionis
1283 2658 1363 2690 libri
1388 2658 1510 2690 titulus
1536 2657 1734 2698 Ἐπιδημίαι,
1761 2657 1804 2689 ad

255 2746 259 2749 ξ
284 2704 564 2737 confirmandum
581 2716 722 2738 sensum
740 2706 834 2738 vocis
849 2705 1026 2747 ἐπιδημῶν,
1041 2706 1076 2739 id
1092 2708 1145 2739 est
1155 2716 1216 2749 per
1231 2706 1340 2738 orbem
1353 2705 1545 2738 ambulans.
1562 2705 1646 2738 Vide
1658 2706 1798 2744 Hermes

286 2752 326 2790 V,
340 2762 374 2794 p.
398 2754 457 2784 205
477 2763 554 2795 sqq.
1605 2750 1609 2754 ”

328 2800 357 2831 1.
374 2799 487 2832 Schol.
506 2801 684 2843 Aristoph.
702 2801 744 2833 ad
759 2802 888 2840 Pacem,
909 2811 940 2833 v.
957 2803 1026 2834 835.

326 2847 356 2878 2.
380 2848 439 2887 Ea,
459 2850 498 2880 ut
517 2849 676 2891 exemplo
693 2851 784 2890 utar,
807 2858 884 2891 quae
910 2849 952 2882 de
974 2859 1038 2883 suo
1058 2849 1210 2884 Athenas
1227 2849 1342 2892 primo
1360 2847 1512 2883 adventu
1528 2848 1696 2889 narravit,
1720 2849 1807 2882 teste

292 2893 491 2937 Plutarcho,
511 2896 639 2935 cimon,
659 2896 714 2929 IX.
