2125 3534
744 289 973 333 -79-

156 400 374 461 Pleraque
394 406 615 455 Ἐπιδημιῶν
638 399 890 459 fragmenta
911 401 964 444 ad
993 415 1074 443 nos
1102 401 1162 444 ita
1189 399 1436 444 deformata
1464 415 1620 459 pervc-

97 477 277 527 nerunt‚
307 478 356 517 ut
375 473 450 517 vix
470 487 626 516 eorum
647 473 872 532 genuinus
894 473 1018 515 color
1044 472 1213 530 adspiei
1242 476 1387 531 queat.
1410 473 1622 514 Attamen

97 545 219 588 illius
239 546 340 589 libri
368 545 541 603 integer
562 544 686 587 locus
714 544 759 586 in
783 544 990 586 Athena&
1013 558 1143 602 opere
1169 547 1368 586 servatus
1389 547 1454 585 est
1476 544 1502 595 ¹,
1529 558 1624 601 pre-

98 615 370 659 tiosissimus
391 615 571 673 quidem
600 618 642 657 et
666 613 1043 671 jiicuntlissiiuus,
1068 629 1119 656 ex
1142 629 1227 671 qno
1259 628 1498 672 possumus
1529 628 1624 670 quai

99 685 266 729 fuerint
289 686 335 729 in
354 685 591 730 scribendo
614 685 735 728 Ionis
756 685 942 728 virtutes
960 683 1163 742 judicare
1183 698 1190 727 :
1215 699 1349 743 quem
1370 688 1512 728 totum
1534 697 1625 727 non

100 758 224 817 piget
239 757 294 801 ad
314 757 504 802 verbum
532 756 829 800 transcribere
851 770 860 799 ε

147 894 164 913 «
186 881 254 916 Ion
275 883 399 927 poeta,
421 880 458 916 in
476 880 574 917 libro
595 881 659 927 qui
679 881 902 916 inscribitur
923 881 1142 927 Epidemiw,
1163 881 1242 916 hau·
1265 880 1398 915 scribit
1419 891 1425 914 :
1451 880 1543 914 Cum
1566 879 1629 914 So-

101 940 239 987 phocle
261 944 374 986 poeta
404 941 483 975 Chii
507 952 734 984 congressus
765 952 860 984 sum,
885 952 971 975 cum
997 941 1180 975 exercitui
1204 940 1432 986 prwpnsitus
1467 938 1629 973 Lesbum

99 999 306 1045 navigaret,
328 999 406 1033 viro
421 999 554 1044 jocoso
575 999 674 1035 inter
695 999 833 1045 pocula
853 1003 890 1034 et
910 999 1054 1033 urbane
1083 1000 1217 1034 faceto.
1239 999 1415 1033 (jeiivivio
1439 998 1547 1032 illum
1570 1009 1630 1031 ex-

100 1058 269 1104 cipiebat
298 1058 568 1102 Hermesilaus,
593 1063 630 1093 et
659 1059 836 1104 privatim
865 1059 1017 1104 hospes,
1051 1061 1087 1093 et
1118 1058 1409 1092 Atheniensium
1439 1057 1628 1103 publicus.

99 1117 156 1152 Ad
194 1117 320 1163 ignem
354 1117 476 1151 stabat
507 1128 602 1162 puer
630 1118 760 1152 vinum
790 1117 1013 1153 ministrans
1044 1117 1285 1162 {rubicunda}
1319 1117 1412 1151 l'acie
1447 1116 1629 1157 insicum

100 1187 215 1222 quem
236 1176 300 1211 ille
321 1176 560 1222 compellans
580 1188 586 1210 :
608 1191 623 1207 «
643 1177 767 1220 Visne,
788 1176 921 1221 inquit,
947 1176 1113 1210 suaviter
1133 1187 1192 1210 me
1221 1175 1379 1210 bibere?
1397 1191 1412 1205 »
1429 1175 1630 1209 Adnuente

101 1247 249 1283 puero:
273 1250 289 1268 «
315 1236 429 1271 Lente
452 1236 566 1280 igitur
586 1236 693 1277 mihi,
717 1236 781 1279 ait,
815 1239 852 1269 et
881 1235 1039 1270 admove
1070 1235 1251 1281 poculum
1285 1238 1321 1270 et
1349 1237 1468 1269 aul'er.
1500 1249 1516 1265 »
1538 1234 1631 1267 Tum

100 1295 223 1330 multo
253 1295 368 1330 etiam
398 1295 518 1341 magis
539 1295 789 1329 erubescente
813 1295 982 1340 puero‚ei
1005 1295 1069 1340 qui
1086 1295 1195 1339 juxta
1226 1295 1351 1340 ipsum
1383 1292 1634 1329 accumbebat

105 1353 159 1389 ait
180 1353 388 1400 Sophocles
412 1365 418 1388 :
439 1370 455 1385 u
476 1364 590 1399 quam
610 1353 770 1399 pulchre
791 1353 891 1388 istud
910 1353 1005 1387 dixit
1024 1353 1265 1398 Phrynichus
1287 1364 1293 1387 :

270 1442 436 1485 Splendet
454 1443 490 1474 in
515 1443 701 1485 purpureis
724 1442 822 1484 genis
842 1442 961 1474 lumen
983 1443 1123 1474 amoris.
1150 1456 1163 1470 »

106 1527 163 1563 Ad
179 1527 251 1562 hoc
272 1526 418 1562 dictum
442 1526 641 1573 respondit
662 1527 855 1562 Eretrieus
881 1530 946 1562 aut
968 1527 1186 1572 Erythrwus
1215 1525 1483 1569 ludimagister
1502 1534 1509 1558 :
1533 1537 1549 1555 «
1574 1523 1635 1558 Sa-

105 1587 215 1633 piens
230 1590 271 1621 111
291 1597 381 1621 sane
401 1598 452 1629 es,
475 1586 694 1632 Sophocles,
715 1587 752 1621 in
768 1587 874 1632 poesi
893 1598 899 1621 ς
917 1590 1182 1621 verumtamen
1201 1597 1277 1619 non
1294 1585 1389 1619 bem¹
1407 1583 1502 1619 dixit
1519 1582 1635 1626 Pliry-

106 1647 256 1691 nichus,
288 1656 502 1692 purpureas
532 1657 614 1681 esse
645 1646 776 1681 dicens
807 1648 974 1681 formoso
1006 1657 1123 1691 puero
1152 1643 1422 1691 ge1ias:quod
1453 1643 1482 1677 si
1512 1641 1638 1687 pictor

108 1705 236 1741 colore
257 1716 451 1752 purpureo
474 1706 633 1749 inungat
653 1705 761 1751 pueri
784 1705 900 1749 hujus
926 1717 1055 1752 genas,
1079 1716 1155 1740 non
1183 1704 1348 1749 amplius
1378 1705 1566 1737 formosus
1587 1699 1638 1733 vi-

106 1764 253 1800 deatur.
276 1764 358 1799 Non
376 1764 509 1809 utique
531 1767 682 1809 oportet
704 1764 908 1810 pulchrum
930 1776 1015 1799 cum
1039 1776 1082 1799 eo
1107 1764 1208 1809 quod
1243 1763 1447 1809 pulchrum
1475 1771 1550 1794 11011
1582 1761 1640 1791 est

107 1833 343 1869 comparare.
368 1838 385 1853 »
403 1822 459 1857 Ibi
480 1823 598 1857 risum
618 1834 694 1858 11011
724 1826 857 1859 tenens
880 1823 1100 1869 Sophocles,
1126 1822 1372 1867 interrogavit
1393 1819 1606 1855 Eretricum
1630 1828 1636 1851 :

93 1896 126 1914 ·«
148 1883 200 1918 Ne
221 1882 326 1918 istud
346 1882 515 1928 quidem,
537 1882 690 1929 hospes,
713 1883 781 1918 tibi
808 1883 935 1929 placet
953 1883 1230 1927 Simonffleum,
1255 1881 1356 1928 quod
1382 1879 1516 1925 utique
1541 1877 1638 1912 bene

108 1941 254 1978 dictum
273 1942 429 1977 videtur
449 1942 616 1977 Grrecis?

276 2029 454 2072 Purpureo
472 2030 515 2062 ab
537 2039 596 2062 ore
616 2031 778 2062 emittens
796 2040 917 2063 vocem
939 2031 1057 2073 virg03

111 2123 183 2150 nec
202 2116 318 2160 poeta
334 2114 399 2160 qui
420 2114 660 2149 auricomum
679 2114 773 2149 dixit
790 2113 1037 2160 Apollinem?
1050 2114 1143 2149 Nam
1166 2113 1196 2148 si
1217 2123 1353 2148 aureas
1371 2112 1495 2158 pictor
1515 2122 1643 2147 comas

111 2173 266 2208 fecisset
281 2172 365 2217 deo,
380 2184 457 2208 non
469 2173 607 2220 nigras,
622 2173 731 2220 pejor
746 2174 862 2209 etiam
878 2174 1006 2209 futura
1024 2177 1105 2208 erat
1120 2174 1281 2219 pictura.
1292 2173 1367 2207 Nec
1383 2172 1413 2206 is
1429 2171 1494 2217 qui
1508 2171 1645 2205 roseis-

114 2231 243 2278 digitis
260 2231 363 2278 (an)
385 2232 507 2267 dixit?
523 2233 617 2267 Nam
647 2233 677 2267 si
708 2233 794 2278 quis
815 2243 924 2268 roseo
947 2233 1075 2268 colore
1096 2232 1271 2267 mulieris
1301 2232 1464 2277 tingeret
1492 2230 1643 2275 digitos,

116 2292 356 2338 purpurariae
387 2303 525 2328 manus
558 2294 712 2337 faceret,
742 2304 820 2327 11011
851 2294 1026 2327 formosa}
1060 2292 1248 2327 mulieris.
1282 2306 1298 2323 υ
1330 2292 1423 2325 Tum
1451 2293 1532 2325 orto
1566 2290 1647 2324 risu

116 2352 303 2396 omnium,
330 2352 523 2387 Eretricus
553 2353 708 2398 quidem
739 2353 989 2399 castigatione
1018 2352 1070 2386 ita
1100 2362 1300 2397 repressus
1329 2353 1408 2393 est;
1439 2348 1647 2395 Sophocles

114 2421 204 2446 vero
226 2411 273 2446 ad
303 2422 521 2447 sermonem
551 2423 639 2447 cum
669 2423 788 2457 puero
819 2412 1039 2446 institutum
1070 2422 1201 2445 rursus
1232 2422 1271 2445 se
1296 2409 1496 2444 convertit.
1528 2409 1648 2450 Quem

117 2469 184 2505 ubi
201 2470 298 2506 vidit
316 2472 502 2506 festucam
521 2482 540 2506 e
561 2471 680 2506 calice
710 2471 871 2505 minimo
893 2471 1010 2516 digito
1038 2470 1174 2505 tollere
1204 2471 1416 2515 parantem,
1441 2468 1649 2509 interi-oea-

119 2529 185 2574 vit,
220 2540 269 2565 an
298 2530 487 2566 festucam
519 2530 788 2577 conspiceret?
807 2531 977 2575 Cumque
1010 2528 1074 2564 ille
1109 2529 1333 2574 conspicere
1363 2538 1402 2563 se
1430 2526 1649 2573 respondis-

119 2665 183 2697 est.
205 2664 253 2697 De
273 2666 348 2706 ejus
371 2665 408 2698 in
437 2665 633 2698 Samiorum
654 2664 771 2697 insuia
794 2666 853 2697 aut
881 2665 1039 2697 Corinthi
1065 2663 1341 2696 commoratione
1373 2661 1460 2694 nihil
1485 2661 1539 2692 est
1558 2659 1652 2701 quod

119 2712 154 2744 in
175 2712 319 2744 dubium
342 2723 412 2745 non
429 2713 549 2745 vocari
569 2713 691 2754 possit,
712 2713 759 2744 Dc
774 2713 876 2744 Samo
897 2713 1010 2744 insula
1031 2713 1147 2754 agitur
1168 2713 1202 2743 in
1222 2712 1418 2751 fragmento
1439 2711 1456 2740 9
1476 2708 1520 2749 (C.
1540 2707 1652 2739 Muel-

122 2759 184 2798 ler,
199 2760 338 2801 Fraym.
354 2760 515 2792 Historic.
535 2761 652 2798 Grac,
668 2760 781 2798 Didot,
803 2760 855 2801 11).
880 2760 1036 2791 Corinthi
1051 2759 1366 2791 commorationem
1386 2756 1542 2787 indicare
1557 2754 1654 2785 vide-

123 2808 183 2839 tur
203 2807 296 2849 apud
313 2808 518 2839 Athenaeum
538 2808 589 2848 (X,
619 2808 689 2847 436,
720 2807 757 2849 f.)
786 2807 1024 2850 fragmentum
1049 2807 1091 2839 de
1119 2807 1212 2839 lonis
1235 2815 1355 2838 amore
1370 2805 1407 2837 in
1429 2802 1652 2844 Chrysillam,

122 2854 382 2887 Corinthiacam
401 2855 594 2887 mulierem.

166 2904 193 2935 1.
214 2903 415 2941 Athenaeus,
435 2902 523 2941 XIII,
543 2903 601 2934 603
620 2912 649 2934 e.
