2125 3534
862 281 1091 323 —01-

216 393 409 437 Hercule
437 393 582 437 victus
609 396 689 446 est,
722 393 1032 445 innotuerant,
1068 395 1111 435 et
1140 393 1213 436 vix
1243 392 1432 436 dubium
1468 406 1562 435 esse
1593 394 1738 450 potest

217 465 326 523 quin
341 464 463 508 Ionis
482 464 632 507 fabula
649 464 864 508 OEchalize
885 464 1140 522 principum
1158 464 1323 507 caulem
1341 469 1383 507 et
1403 464 1503 507 lolaz
1519 463 1610 506 vim
1632 463 1738 505 alla-

215 540 307 578 tam
329 540 585 594 exponeret.
608 536 813 578 Fortasse
842 534 921 577 Ion
943 535 990 577 in
1011 539 1136 578 actus
1159 535 1401 593 digesserat
1429 549 1479 577 ea
1503 549 1598 592 qua¹
1620 533 1738 592 apud

215 606 484 665 Sophoclem
507 606 559 649 de
589 605 803 650 (Echaliass
831 606 1164 664 expugnatione
1200 607 1243 648 in
1283 605 1526 648 Trachiniis
1559 619 1740 647 narran-

214 680 299 720 tur.
331 676 482 720 Potuit
501 677 636 720 etiam
655 676 891 720 materiam
914 676 1074 719 sahulw
1097 677 1189 719 sive
1208 692 1260 719 ex
1279 676 1502 719 OEclealice
1516 689 1742 734 arlmtstzcz-

215 748 332 791 tione
352 763 377 791 a
399 747 652 807 Creophylo
679 747 846 799 Samio,
877 751 1007 805 poeta
1039 748 1225 806 cyelieo,
1250 749 1428 807 scripta,
1453 748 1547 790 sive
1577 761 1629 789 ex
1653 747 1739 788 lle-

214 818 422 871 racleide,
446 818 651 861 Pisandri
673 832 823 877 opere,
848 817 1083 861 desumere
1108 819 1133 861 ¹.

274 889 337 933 De
366 889 723 941 Excubhorffim,
758 889 1131 948 pretiosissimam
1172 889 1390 932 habemus
1425 886 1741 948 Aristophanis

215 960 467 1006 scholiastae
494 961 852 1012 annotationem,
877 960 951 1018 qui
977 962 1202 1003 Hanni-mn
1225 975 1404 1004 versum

578 1057 681 1091 ποθεῖ
702 1056 762 1103 μὲν
783 1055 938 1108 ἐχθαίρει
964 1054 1012 1102 δὲ,
1039 1056 1202 1105 βούλεται
1223 1055 1349 1108 δ’ἕχειν

216 1142 587 1201 interpretatione
618 1143 866 1196 illustrans,
903 1144 1024 1187 hunc
1053 1144 1204 1187 locum
1234 1147 1412 1202 poetam
1443 1143 1533 1187 fere
1564 1142 1617 1186 ad
1648 1158 1744 1187 ver-

213 1213 322 1257 bum
355 1216 612 1256 mutuatum
649 1229 745 1257 esse
781 1215 839 1257 ait
877 1230 929 1258 ex
963 1214 1083 1257 Ionis
1118 1214 1503 1257 Escubitoribnffl.
1542 1214 1739 1266 Ilelenae,

213 1283 373 1342 inquit,
399 1283 534 1327 verba
564 1289 669 1327 sunt
696 1299 801 1328 cum
830 1285 986 1344 [lysse
1018 1285 1366 1329 confabulantis.
1402 1285 1518 1328 Hinc
1554 1288 1671 1343 patet
1696 1285 1742 1327 in

213 1353 335 1397 Ionis
357 1353 509 1397 fabula
531 1354 750 1398 Helenam
776 1356 921 1415 [lyssi
943 1356 1122 1399 obviam
1144 1356 1297 1398 fuisse.
1325 1356 1422 1408 Quo
1445 1370 1549 1398 vero
1573 1356 1616 1398 in
1645 1356 1741 1398 loco

214 1428 257 1468 et
284 1425 330 1468 in
353 1425 514 1483 quibus
541 1440 693 1469 rerum
711 1427 945 1470 articulis?
972 1427 1119 1470 Facile
1142 1442 1211 1469 res
1234 1426 1563 1485 explanabitur,
1588 1427 1622 1469 si
1651 1426 1742 1469 Eu-

214 1495 369 1556 ripidis
400 1497 626 1539 Hecubam
662 1497 951 1540 volutareris.
978 1498 1058 1541 Hie
1087 1498 1209 1541 enim
1231 1498 1384 1556 paucis
1411 1497 1560 1540 verbis
1587 1496 1744 1540 adum-

213 1566 340 1610 brata
371 1567 576 1610 invenies
614 1568 839 1626 praeclarae
880 1568 1107 1627 tragoediae
1141 1569 1440 1620 lineamenta,
1477 1583 1580 1611 cum
1613 1567 1743 1625 cujus

214 1642 481 1696 argumento
508 1638 621 1681 mire
657 1639 867 1697 congruit
899 1639 1017 1697 quod
1051 1639 1103 1682 de
1138 1639 1261 1683 Ionis
1297 1639 1395 1683 loco
1429 1639 1579 1682 attulit
1610 1638 1743 1682 scho-

213 1709 357 1754 liasta.
381 1709 438 1754 Hi
462 1713 568 1754 sunt
587 1710 814 1770 Euripidis
842 1725 999 1754 versus
1024 1724 1032 1753 :

259 1853 400 1888 Hecuba
421 1864 432 1888 .·
455 1852 534 1889 Seis
556 1852 710 1898 quando
730 1853 868 1888 venisti
889 1853 949 1888 Ilii
970 1852 1201 1899 explorator,

452 1912 579 1947 lacero
601 1913 745 1947 amictu
763 1912 958 1957 deformis,
980 1915 1017 1947 et
1036 1912 1081 1946 ab
1103 1911 1225 1947 oculis

453 1974 622 2007 cruentae
642 1975 758 2018 gutta}
779 1972 938 2007 barbam
960 1975 1063 2007 tuam
1085 1970 1319 2017 irrigabant?

265 2031 401 2077 Ulysses
423 2044 434 2068 :
454 2031 545 2066 Novi
564 2042 571 2066 :
588 2031 769 2066 medullis
787 2031 898 2066 haesit
915 2031 1029 2077 hujus
1050 2031 1105 2066 rei
1126 2030 1324 2065 memoria.

257 2092 432 2127 Hecuba:
454 2091 614 2137 Agnovit
643 2102 730 2126 vero
761 2094 796 2126 te
826 2091 980 2135 Helena,
1011 2094 1047 2125 et
1068 2090 1138 2125 soli
1165 2090 1259 2125 mihi
1282 2090 1332 2136 (te
1360 2088 1508 2136 adesse)
1539 2089 1740 2125 nuntiavit.

264 2150 402 2196 Ulysses
423 2162 434 2185 .·
455 2150 699 2185 Meminimus
726 2151 765 2185 in
786 2151 1002 2196 perieulum
1025 2151 1158 2196 ingens
1184 2160 1253 2184 nos
1274 2149 1436 2184 venisse.
1503 2138 1507 2142 ⁵

258 2210 402 2245 Hecuba
422 2221 434 2244 .·
454 2209 621 2252 Attigisti
642 2220 730 2244 vero
751 2220 876 2252 {genua
894 2220 992 2253 mea,
1015 2209 1174 2244 humilis
1195 2210 1329 2243 factus.

265 2269 403 2315 Ulysses
424 2281 435 2305 ;
456 2270 500 2304 Et
540 2269 819 2304 immorabatur
849 2271 1043 2316 (tanquam
1071 2272 1195 2304 morte
1233 2268 1434 2316 languens)
1470 2269 1510 2304 in
1545 2271 1611 2304 tua
1639 2271 1742 2304 veste

498 2339 637 2364 manus
655 2339 754 2364 mea.

258 2388 403 2423 Hecuba
424 2400 434 2423 .·
456 2389 607 2424 Servavi
629 2392 665 2423 te
689 2389 804 2435 igitur
821 2391 858 2424 et
879 2400 923 2424 ex
943 2388 1037 2423 urbe
1059 2387 1222 2433 Trojana
1241 2388 1365 2423 emisi.

266 2447 403 2491 [flysses
424 2459 435 2483 .·
456 2449 587 2493 Itaque
609 2459 709 2483 nune
733 2449 848 2483 etiam
870 2448 967 2483 hanc
988 2448 1080 2483 solis
1100 2448 1228 2483 lucem
1249 2447 1432 2493 adspicio.

262 2507 404 2542 Hecuba
425 2519 436 2542 .·
456 2507 553 2549 Quid
575 2518 665 2542 sane
687 2507 853 2552 dicebas,
877 2518 964 2542 cum
986 2518 1116 2542 servus
1136 2517 1245 2542 meus
1266 2509 1346 2541 tum
1369 2506 1478 2542 eras?

266 2564 403 2610 Ulysses
425 2577 436 2601 .·
456 2565 663 2601 Multorum
685 2577 906 2602 sermonum
928 2567 1093 2611 inventa,
1116 2576 1163 2601 ne
1185 2576 1357 2601 morerer
1375 2567 1402 2601 3.

202 2756 205 2759 “
254 2755 282 2785 1.
301 2753 386 2786 Vide
410 2754 554 2792 Croiset,
575 2754 662 2785 Hist.
684 2754 724 2785 cle
744 2753 778 2785 la
803 2753 951 2786 litteral.
970 2764 1126 2797 ‚qr-ecque,
1145 2754 1169 2793 1,
1190 2765 1223 2797 p.
1245 2757 1314 2787 453.

252 2802 281 2833 2.
304 2802 418 2833 Schol.
441 2803 629 2840 Ranarum,
655 2803 728 2833 1425
745 2812 751 2833 :
770 2803 857 2843 παρὰ
876 2803 915 2832 τὰ
933 2802 968 2833 ἐκ
989 2804 1050 2832 τῶν
1070 2802 1175 2837 Ἴωνος
1197 2804 1359 2845 Φρουρῶν,
1382 2803 1465 2834 ὅπου
1491 2803 1512 2842 ἡ
1528 2802 1641 2843 Ἑλένη
1664 2804 1742 2845 πρὸς

211 2847 368 2880 Ὀδυσσέα
382 2848 460 2890 φησί
475 2860 481 2865 ·
497 2850 572 2889 σιγᾷ
585 2850 653 2888 μὲν,
671 2848 812 2890 ἐχθαίρει
831 2848 875 2887 δὲ,
893 2849 1047 2891 βούλεταί
1066 2861 1100 2891 γε
1121 2849 1194 2890 μὴν.

257 2897 285 2927 3.
307 2896 452 2936 Hecuba,
468 2905 497 2928 V.
513 2897 571 2928 239
592 2905 667 2938 sqq.
