2125 3534
828 716 1016 763 CAPUT
1048 716 1108 762 VI

423 935 488 980 DE
514 935 629 980 10le
654 950 850 980 OPERIBL'S
876 950 1005 980 PROSA
1023 950 1228 981 ORATIONE
1256 951 1508 981 coNscmPTls

262 1218 343 1262 Ion
363 1232 455 1262 non
485 1222 723 1262 contentus
744 1218 828 1262 fuit
846 1219 1021 1278 poetica
1041 1234 1220 1278 genera,
1241 1234 1337 1277 quae
1367 1223 1463 1262 tum
1483 1219 1714 1271 ssorcbant,

204 1289 357 1332 omnia
383 1288 604 1342 delibarc;
629 1293 687 1342 at,
712 1304 769 1333 no
802 1289 907 1348 quid
943 1291 1226 1349 inexpertum
1266 1290 1550 1348 relinqueret,
1580 1289 1634 1332 ad
1667 1304 1718 1332 oa

204 1360 339 1403 ctiam
366 1375 412 1403 sc
440 1361 662 1403 convertit
688 1376 785 1418 quae
812 1360 1005 1419 pedestri
1043 1376 1249 1404 sermone
1276 1361 1497 1404 conscribi
1536 1360 1680 1403 solent
1706 1374 1714 1403 :

203 1430 321 1474 inter
341 1445 452 1488 quae,
478 1431 515 1473 si
554 1446 689 1490 opera
720 1432 993 1490 negligimus
1020 1447 1117 1490 quae
1140 1431 1234 1489 jam
1267 1432 1320 1474 ab
1347 1431 1543 1489 antiquis
1570 1431 1718 1474 subdi-

202 1501 310 1545 ticia
341 1506 384 1545 et
419 1502 572 1561 spuria
606 1502 887 1546 habebantur
907 1504 935 1556 ¹,
960 1503 1012 1546 ad
1044 1503 1275 1545 historiam
1306 1507 1349 1545 ct
1388 1502 1718 1562 philosophiam

203 1572 380 1616 videtur
403 1573 450 1616 in
472 1573 631 1632 primis
652 1577 805 1617 noster
831 1589 1013 1634 operam
1036 1588 1164 1617 suam
1192 1573 1436 1616 contulisse
1457 1574 1486 1616 ².

242 1745 268 1775 1.
291 1743 385 1776 Inter
401 1754 479 1786 quae
508 1745 732 1787 reponendus
758 1747 811 1777 est
837 1745 1067 1787 πρετόευτικὸς
1088 1744 1197 1786 (λόγος
1215 1745 1370 1785 scilicet),
1391 1758 1405 1773 u
1428 1745 1462 1775 ὃν
1484 1743 1575 1775 νόθον
1598 1743 1717 1782 ἀξιοῦσι

201 1789 280 1823 εἶναί
294 1803 374 1828 τινες
388 1795 443 1824 καὶ
460 1793 536 1836 οὐχὶ
554 1794 653 1824 αὐτοῦ
671 1808 697 1825 ιι.
714 1794 806 1835 (Sch.
829 1794 870 1825 ad
889 1793 1079 1834 Aristoph„
1097 1794 1226 1829 Pacem,
1246 1802 1277 1824 v.
1294 1794 1375 1832 835).
1390 1811 1427 1815 —
1448 1792 1512 1830 Qui
1536 1792 1577 1823 ab
1596 1791 1717 1823 eodem

201 1839 390 1872 scholiasta
415 1840 658 1881 κοσμολογικὸς
687 1841 849 1872 laudatur
881 1840 978 1879 liber,
1011 1841 1114 1879 idem,
1146 1843 1184 1873 ut
1217 1851 1278 1883 pro
1314 1844 1408 1873 certo
1443 1841 1561 1872 haberi
1591 1842 1717 1882 potest,

201 1887 258 1919 hic
278 1888 341 1925 est,
364 1888 423 1928 qui
445 1888 487 1920 ab
517 1889 791 1930 Harpocrationc
818 1888 971 1930 τριαιγμός
995 1889 1195 1920 nominatur
1216 1899 1222 1919 :
1248 1889 1402 1930 ...ἔγραψε
1429 1888 1460 1919 δὲ
1491 1887 1574 1928 μέλη
1606 1887 1718 1918 πολλὰ

199 1934 255 1964 καὶ
284 1933 457 1974 τραγῳδίας
487 1936 542 1965 καὶ
574 1934 754 1975 φιλόσοφόν
787 1945 816 1964 τι
852 1935 1043 1977 σύγγραμμα
1072 1938 1126 1967 τὸν
1155 1938 1309 1977 τριαγμὸν
1335 1936 1599 1977 ἐπιγραφόμενον,
1638 1935 1717 1976 ὅπερ

199 1980 414 2023 Καλλίμαχος
436 1981 658 2022 ἀντιλέγεσθαί
678 1993 773 2023 φησιν
793 1982 832 2017 ὡς
853 1982 1043 2023 Ἐπιγένους.
1067 1983 1246 2024 (Ilarpocr.
1271 1993 1298 2014 S.
1320 1992 1350 2014 V.
1369 1982 1458 2023 Ἰων.)
1485 1983 1531 2014 Dc
1553 1991 1618 2013 uno
1640 1984 1716 2013 tan-

198 2030 285 2067 tum,
309 2030 347 2060 ut
372 2029 480 2067 vides,
500 2029 744 2071 philosophico
762 2029 877 2061 libello
902 2030 1057 2071 loquitur
1074 2031 1336 2072 Harpocration.
1360 2031 1406 2061 Dc
1427 2029 1626 2062 Callimachi
1641 2029 1717 2070 opi-

199 2076 316 2115 nione,
337 2075 415 2107 vide
429 2076 531 2114 infra,
547 2086 579 2117 p.
599 2077 647 2113 83,
663 2086 695 2107 n.
718 2078 744 2107 1.
760 2094 798 2099 —
814 2076 911 2114 Quod
928 2080 1044 2110 autem
1064 2079 1240 2121 Kocpkius
1253 2079 1310 2117 (cle
1328 2079 1418 2109 Ionis
1440 2079 1510 2110 vila
1529 2080 1562 2109 et
1576 2079 1716 2118 s7⁴cz9m.,

198 2133 231 2165 p.
254 2124 301 2164 12)
330 2123 425 2162 dicit,
456 2123 543 2155 falso
561 2133 580 2154 a
603 2123 709 2155 Suida
736 2124 870 2155 laudari
895 2124 986 2156 lonis
1004 2126 1158 2158 libellum
1184 2128 1256 2168 περὶ
1277 2126 1452 2167 μετεώρων,
1488 2125 1583 2156 nullo
1614 2124 1716 2157 modo

198 2171 342 2212 probari
355 2172 480 2212 potest.
502 2172 578 2202 Non
595 2171 717 2203 Suidas
734 2171 770 2203 in
790 2181 944 2204 errorem
960 2173 1093 2211 incidit,
1114 2174 1174 2205 sed
1190 2173 1379 2215 Kwpkius,
1398 2173 1456 2213 qui
1474 2172 1587 2204 Suidae
1611 2172 1718 2204 verba

198 2220 289 2252 male
317 2222 370 2252 est
387 2220 651 2261 interpretatus.
673 2221 720 2252 Ea
743 2220 856 2252 Suidae
877 2219 983 2251 verba
1002 2222 1084 2251 sunt
1102 2220 1142 2261 (s.
1167 2230 1198 2251 v.
1219 2220 1302 2260 Ἴων)
1325 2230 1330 2250 ;
1355 2218 1485 2254 ...οὗτος
1506 2219 1622 2260 ἔγραψε
1644 2220 1717 2260 περὶ

199 2266 363 2308 μετεώρων
383 2269 437 2298 καὶ
453 2267 620 2302 συνθέτους
633 2267 762 2308 λόγους,
779 2268 812 2298 ὃν
832 2267 952 2305 παίζων
968 2266 1192 2309 Ἀριστοφάνης
1207 2266 1223 2298 ὁ
1238 2268 1380 2307 κωμικὸς
1401 2266 1488 2297 ἀοῖόν
1510 2277 1616 2307 φησιν.
1634 2266 1717 2305 Quis

198 2323 271 2346 non
292 2314 387 2347 videt
405 2316 515 2347 autin
539 2316 591 2347 his
611 2315 726 2347 verbis
750 2315 856 2346 latere
879 2314 1011 2346 librarii
1033 2315 1168 2356 lapsum
1185 2314 1244 2355 qui
1266 2313 1384 2354 λὸγους
1404 2323 1467 2356 pro
1481 2313 1581 2350 λέξεις
1603 2313 1716 2354 scrip-

199 2361 294 2400 serit,
310 2363 370 2394 aut
387 2361 505 2403 λόγους
521 2362 640 2394 eodem
660 2372 764 2394 sensu
778 2361 1018 2403 accipiendum
1037 2370 1123 2400 esse,
1144 2370 1212 2401 quo
1225 2360 1336 2399 λέξεις,
1357 2361 1405 2391 ita
1425 2361 1463 2391 ut
1482 2359 1646 2394 συνθέτους
1658 2358 1718 2390 λό-

197 2418 272 2449 γους
297 2409 470 2450 significet
495 2409 681 2450 composita
702 2408 811 2447 ver-ba,
842 2418 910 2440 non
935 2409 1081 2450 scriptos
1110 2408 1223 2440 libros.
1253 2408 1303 2439 lta
1325 2417 1361 2439 sc
1392 2416 1466 2439 rem
1488 2407 1613 2438 hahere
1640 2407 1716 2439 luce

198 2455 328 2487 clarius
358 2456 512 2488 ostendit
543 2457 630 2488 alter
650 2466 666 2487 e
690 2455 795 2487 Suida
819 2455 947 2496 petitus
967 2455 1063 2487 locus
1085 2455 1124 2495 (s.
1152 2465 1184 2486 v.
1206 2453 1588 2496 διθυραμὸοδιδάσκαλος)
1613 2463 1618 2484 ;
1643 2454 1717 2494 Περὶ

198 2503 260 2533 τῶν
281 2503 445 2545 μετεώρων
465 2505 520 2534 καὶ
539 2505 600 2534 τῶν
617 2503 757 2545 νεφελῶν
777 2502 910 2543 λέγουσι
931 2503 973 2543 (οἱ
991 2501 1374 2544 διθυραμὸοδιδάσκαλοι)
1392 2502 1514 2537 πολλὰ,
1537 2504 1592 2533 καὶ
1612 2502 1718 2533 συνθέ-

195 2559 269 2585 τους
283 2549 315 2581 δὲ
329 2550 428 2589 λέξεις
447 2551 575 2583 ἐποίουν
593 2553 648 2582 καὶ
665 2551 776 2592 ἔλεγον
794 2549 1183 2592 ἐνδιαεριανερινηχέτους.
1209 2548 1280 2584 Οἷος
1299 2548 1338 2587 ἦν
1351 2549 1419 2579 Ἴων
1442 2549 1457 2581 ὁ
1474 2552 1545 2585 Χῖος
1567 2550 1716 2589 ποιητής.

196 2597 392 2630 Bentleiutn
411 2599 502 2637 vide,
521 2598 666 2640 Epistol.
687 2599 733 2630 ad
751 2597 910 2635 Minium,
933 2607 966 2638 p.
989 2598 1046 2629 508
1071 2596 1229 2638 opuscul.
1247 2596 1546 2637 philoloqicorum.

237 2645 266 2675 2.
291 2645 340 2677 De
359 2645 437 2678 aliis
454 2646 663 2687 quibusdam
679 2645 778 2687 (ἄλλα
795 2646 877 2686 τινά)
895 2654 971 2686 quae
991 2653 1184 2676 memorare
1204 2644 1355 2675 voluisse
1377 2644 1515 2676 videtur
1531 2644 1719 2676 scholiasta

198 2690 428 2732 καταλογάδην
449 2693 588 2735 scriptis
615 2692 791 2735 operibus,
812 2691 898 2723 nihil
927 2691 970 2723 ad
992 2700 1056 2723 nos
1079 2690 1240 2732 pervenit
1262 2700 1268 2721 :
1292 2690 1446 2721 Φαίνεται
1472 2690 1503 2721 δὲ
1535 2690 1634 2721 αὐτοῦ
1664 2692 1720 2721 καὶ

198 2737 301 2773 κτίσις
323 2741 379 2770 καὶ
395 2741 636 2782 κοσμολογικὸς
653 2741 708 2771 καὶ
726 2739 947 2780 ὑπομνήματα
967 2740 1022 2769 καὶ
1043 2738 1131 2769 ἄλλα
1146 2739 1226 2769 τινά.
1242 2738 1333 2778 (Sch.
1356 2738 1398 2770 ad
1425 2739 1554 2775 Pacem,
1577 2748 1608 2769 v.
1634 2739 1717 2779 835).

199 2785 399 2825 Cavendum
417 2790 530 2821 estne
555 2788 701 2820 nimium
729 2786 906 2829 ponderis,
926 2787 965 2818 ut
992 2787 1129 2829 opinor,
1150 2786 1204 2818 his
1228 2785 1360 2817 ultimis
1385 2785 1582 2818 scholiastae
1601 2785 1718 2818 verbis

199 2833 410 2868 tribuamus.
