2125 3534
660 648 834 711 PRO
847 648 1177 710 OEMIUM

214 1089 338 1133 Ionis
352 1089 444 1132 vita
459 1088 577 1130 intra
595 1102 670 1130 eos
687 1102 829 1130 annos
851 1087 1124 1139 continetur,
1141 1086 1302 1145 quibus
1314 1085 1513 1129 maximo
1531 1085 1682 1143 gloriae

156 1159 393 1220 splendore
410 1159 561 1202 floruit
575 1158 927 1201 Atheniensium
944 1158 1120 1201 civitas.
1137 1157 1413 1200 Adolescens
1429 1156 1551 1199 enim
1569 1155 1686 1198 inter

154 1231 424 1275 fortissimos
445 1230 546 1273 illos
567 1230 688 1273 viros
721 1229 849 1282 vixit,
875 1229 950 1287 qui
980 1229 1143 1271 virtute
1178 1243 1255 1271 sua
1279 1228 1518 1270 Persarum
1546 1227 1685 1284 impe-

154 1304 227 1344 tus
249 1300 524 1353 retuderam,
550 1300 841 1358 Athenasque
872 1299 1000 1352 vidit,
1031 1299 1279 1359 profligatis
1306 1298 1422 1357 apud
1457 1297 1685 1339 Salamina

156 1375 199 1416 et
219 1371 408 1415 Plataeas
429 1371 725 1415 barbarorum
742 1371 1027 1418 exercitibus,
1052 1371 1105 1413 ad
1131 1370 1380 1413 libertatem
1401 1372 1685 1412 renascentes

157 1446 214 1496 et,
233 1443 473 1486 maritimis
492 1443 745 1486 insularum
764 1443 905 1502 copiis
928 1443 1176 1501 praefectus.
1204 1456 1433 1484 summum
1464 1441 1684 1484 universae

157 1513 338 1557 Graeciae
354 1514 595 1572 imperium
609 1517 896 1572 occupantes
914 1514 1032 1556 Dum
1046 1528 1150 1555 vero
1167 1512 1378 1555 Miltiadis
1393 1513 1525 1565 tilius,
1540 1512 1682 1565 Cimo,

155 1585 348 1630 feliciter
375 1584 589 1629 adversus
628 1585 830 1628 residuas
865 1585 999 1644 Regis
1038 1585 1155 1627 vires
1192 1583 1363 1626 bellum
1403 1584 1687 1642 persequitur

156 1656 500 1716 periculumque
521 1655 576 1699 ad
600 1671 673 1699 eas
700 1671 799 1699 oras
833 1659 1062 1713 retorquet
1085 1654 1202 1698 unde
1226 1656 1478 1713 profectum
1505 1658 1614 1706 erat,
1640 1655 1686 1697 in

156 1728 253 1787 ipsa
272 1728 382 1771 urbe
415 1743 507 1771 non
534 1728 686 1770 minus
719 1728 938 1771 memoria
964 1727 1098 1786 digna
1129 1727 1414 1785 gerebantur.
1442 1726 1686 1784 AEschylus

157 1799 329 1843 scilicet
350 1798 670 1858 tragoediarum
689 1814 873 1842 suarum
895 1798 1113 1841 miracula
1135 1798 1305 1841 civium
1328 1797 1470 1841 oculis
1492 1798 1538 1839 in
1560 1797 1686 1839 thea-

155 1873 224 1914 tro
256 1870 550 1929 proponebat,
585 1873 627 1912 et
663 1869 924 1928 Sophocles,
960 1873 1087 1912 a=tate
1124 1883 1217 1911 non
1252 1872 1345 1912 arte
1381 1869 1546 1921 minor,
1582 1882 1687 1911 cum

157 1940 332 1984 seniore
354 1940 519 1984 aemulo
541 1940 593 1983 de
616 1940 766 1999 palma
782 1939 1161 1997 contenslerejam
1180 1943 1389 1998 coeperat.
1416 1939 1494 1982 His
1516 1938 1686 1996 ingenii

158 2013 466 2057 incitamentis
498 2013 545 2055 in
578 2012 726 2071 priore
761 2013 903 2055 celatis
929 2028 1018 2056 suae
1048 2015 1171 2071 parte
1202 2011 1284 2054 lon
1318 2011 1507 2054 Athenis
1541 2009 1689 2068 potuit

158 2084 418 2138 informari;
448 2085 543 2129 haec
562 2100 846 2128 summorum
868 2085 1071 2128 virorum
1092 2082 1298 2142 exempla
1319 2083 1464 2127 oculis
1486 2081 1688 2140 subjecta

158 2156 330 2201 habuit.

217 2227 332 2272 Cum
353 2230 502 2271 autem
525 2227 608 2271 aevi
640 2227 946 2270 maturitatem
976 2230 1041 2269 est
1067 2229 1314 2278 assecutus,
1345 2240 1490 2269 novus
1518 2223 1614 2282 jam
1641 2223 1689 2266 in

159 2298 340 2343 civitate
370 2313 522 2342 rerum
561 2298 668 2341 ordo
700 2298 807 2341 oriri
834 2297 1083 2341 videbatur.
1118 2297 1217 2340 Non
1257 2296 1391 2339 modo
1429 2296 1551 2339 enim
1583 2294 1689 2338 urbs

159 2370 271 2430 ipsa,
296 2370 390 2413 sive
412 2373 539 2413 aucta
559 2370 652 2412 sive
674 2368 823 2412 addita
850 2368 1134 2427 publicarum
1167 2368 1332 2411 aedium
1355 2366 1690 2425 magnificentia

159 2441 472 2502 proveetisque
501 2440 671 2484 mirum
698 2440 744 2482 in
771 2439 958 2483 modum
987 2440 1136 2482 omnis
1163 2439 1341 2498 generis
1374 2437 1558 2490 artibus,
1595 2437 1691 2496 pul-

160 2511 385 2556 chriorem
412 2511 610 2571 speciem
631 2510 861 2563 induebat,
895 2510 971 2554 sed
993 2510 1186 2553 civitatis
1208 2524 1356 2553 mores
1387 2510 1520 2552 etiam
1540 2511 1583 2552 et
1603 2508 1692 2550 ins-

159 2583 308 2636 tituta,
341 2597 494 2626 rerum
521 2581 881 2642 gubernaculum
914 2585 1096 2640 regente
1130 2581 1320 2633 Pericle,
1353 2580 1645 2624 mutabantur
1680 2592 1688 2621 :

160 2654 209 2697 in
242 2653 387 2713 plebis
419 2668 599 2706 manus,
635 2653 878 2695 imminuta
898 2652 1109 2711 areopagi
1138 2652 1418 2704 auctoritate,
1444 2650 1538 2709 jam
1569 2650 1693 2693 venit

161 2739 340 2768 summa
360 2727 570 2784 potestas,
606 2724 780 2783 ipsique
810 2723 979 2767 civium
1001 2723 1158 2775 animi,
1186 2723 1347 2782 prioris
1378 2723 1520 2766 aetatis
1548 2720 1692 2780 gravi-

161 2798 301 2839 tatem
332 2799 642 2855 aspernantes,
679 2794 838 2837 studiis
874 2794 1253 2853 opinionibusque
1284 2794 1414 2837 novis
1449 2793 1692 2835 immoran-

162 2869 249 2911 tur.
274 2866 442 2926 Ingens
469 2866 662 2924 denique
686 2865 821 2909 totius
849 2865 1032 2909 Graeciae
1059 2866 1203 2909 oritur
1223 2864 1532 2923 conflagratio,
1558 2862 1692 2906 Pelo-

1555 2959 1567 2984 1
