2125 3534
938 274 1167 318 *88—

295 402 395 431 sum
424 387 617 445 denique
645 387 748 430 libri
779 386 1013 431 exordium
1044 402 1178 446 supra
1209 386 1442 430 laudatum
1471 384 1713 445 mysticum
1741 386 1818 429 ha-

291 460 367 504 bet
392 458 621 517 quiddam,
651 459 705 502 ab
729 459 919 502 obscura
941 459 1244 518 Orphicorum
1273 456 1499 502 scribendi
1528 457 1700 500 ratione
1726 472 1820 500 non

290 530 509 583 alienum,
535 544 621 588 quo
649 531 784 573 etiam
812 530 860 572 in
887 531 1047 574 ceteris
1070 530 1217 589 operis
1240 530 1307 573 sui
1330 528 1532 588 partibus
1554 543 1687 572 usum
1723 543 1819 571 esse

291 602 449 646 Ionem
470 602 591 646 haud
618 602 846 644 immerito
874 617 1114 660 possumus
1139 601 1359 645 arbitrari.

348 675 548 726 Α1,011111
575 672 731 716 Ionem
767 676 940 716 constet
977 673 1278 732 Orphicorum
1310 671 1557 715 sententias
1593 671 1641 714 in
1676 671 1820 730 philo-

293 744 489 803 sophicis
506 744 717 802 operibus
739 744 830 787 suis
850 748 1057 787 secutum
1082 759 1193 796 esse,
1215 758 1307 786 non
1325 743 1430 785 satis
1449 742 1740 801 perspicuum
1756 746 1821 786 est

291 815 400 874 quid
426 815 480 858 ab
512 815 575 857 eis
596 818 795 858 mutatus
817 815 888 858 sit.
910 815 1088 858 Etenim
1122 818 1422 874 praeterquam
1446 813 1565 871 quod
1590 828 1683 856 non
1711 828 1820 857 con—

291 886 491 929 sentiunt
510 886 585 944 qui
613 886 666 929 de
689 886 990 945 Orphicorum
1013 886 1306 945 opinionibus
1327 886 1607 944 scripserunt
1628 886 1656 938 ¹,
1678 884 1821 928 multa

292 961 397 1000 sunt
419 972 515 1015 quae
549 957 603 1000 ab
626 958 832 1016 Orphicis
866 958 1002 1001 simul
1030 962 1073 1001 et
1099 957 1396 1017 Pythagoreis
1430 961 1645 1016 usurpata
1676 961 1817 1009 erant,

291 1029 352 1072 ita
396 1032 443 1071 ut
476 1028 865 1088 Pythagoreorum
908 1044 1003 1072 esse
1054 1029 1170 1072 alius
1216 1030 1357 1088 possit
1393 1028 1682 1081 contendere,
1723 1043 1821 1086 quae

291 1100 406 1143 alius
438 1115 519 1143 suo
542 1098 644 1158 jure
675 1100 729 1143 ad
761 1100 983 1159 Orphicos
1013 1100 1188 1143 referat.
1217 1102 1377 1146 Utrum
1413 1100 1731 1159 Orphicorum,
1773 1103 1823 1143 ut

293 1171 500 1230 exemplo
524 1174 639 1224 utar,
665 1186 722 1214 an
754 1172 1143 1231 Pythagoreorum
1165 1175 1259 1215 erat
1284 1172 1362 1215 illa
1390 1171 1442 1214 de
1470 1171 1635 1214 animis
1667 1170 1820 1229 opinio

291 1257 369 1302 per
399 1256 549 1284 aerem
578 1242 872 1285 volitantibus
896 1243 939 1284 2'?
961 1242 1106 1294 Quam
1134 1257 1237 1285 cum
1278 1243 1325 1284 in
1353 1241 1695 1301 dithyrambicis
1728 1256 1822 1284 car-

293 1313 492 1356 minibus
521 1313 611 1356 suis
639 1313 734 1365 Ion,
760 1313 1064 1372 Aristophane
1096 1317 1221 1366 teste,
1248 1328 1471 1372 exponere
1493 1328 1585 1356 non
1619 1312 1819 1356 dubitas-

290 1387 370 1436 set,
396 1387 754 1427 consentaneum
785 1388 851 1427 est
877 1399 982 1428 eum
1015 1385 1060 1427 in
1091 1384 1408 1443 philosophico
1430 1384 1544 1427 libro
1577 1398 1671 1427 non
1705 1383 1820 1427 omi-

290 1455 399 1498 sisse
421 1457 451 1498 3.

349 1526 477 1579 Quod
510 1527 545 1569 si
580 1527 862 1570 voluerimus
890 1541 1012 1570 nunc
1046 1527 1091 1569 in
1119 1526 1384 1570 universum
1416 1526 1640 1570 aestimare
1674 1527 1820 1585 qualis

289 1598 425 1641 fuerit
451 1597 573 1640 Ionis
592 1598 638 1640 in
666 1597 992 1656 philosophicis
1011 1597 1221 1657 operibus
1242 1597 1417 1640 indoles
1440 1601 1483 1641 91
1499 1598 1657 1651 virtus,
1681 1613 1820 1657 appa—

292 1668 407 1712 rebit
428 1684 546 1722 eum,
575 1672 624 1712 ut
644 1669 689 1712 in
711 1669 871 1713 ceteris
893 1670 1145 1713 litterarum
1172 1668 1432 1727 generibus,
1461 1670 1522 1712 ita
1543 1670 1590 1712 in
1617 1669 1821 1728 philoso-

334 1801 359 1830 1.
384 1799 533 1835 Lobeck,
556 1799 828 1841 Aylaoplzamzzs,
850 1801 875 1838 I,
897 1811 929 1842 p.
952 1801 1022 1832 386.

330 1849 359 1878 2.
381 1847 465 1879 Vide
487 1847 606 1885 Zeller,
625 1848 846 1889 Philosoplzie
865 1849 923 1880 (les
943 1849 1054 1887 Grecs,
1078 1849 1101 1885 Ι,
1121 1859 1155 1891 p.
1177 1850 1248 1886 430,
1269 1849 1305 1880 in
1325 1849 1451 1891 gallica
1469 1849 1710 1881 translatione.
1726 1849 1823 1881 Aris-

292 1895 433 1927 totelem
453 1895 571 1926 laudat
592 1896 649 1934 (cle
669 1896 804 1931 Anima,
828 1897 852 1934 Ι,
869 1898 898 1934 5,
919 1898 989 1934 410,
1008 1896 1029 1927 b
1047 1897 1109 1936 27),
1132 1896 1191 1937 qui
1210 1895 1310 1937 λόγον
1335 1896 1364 1927 ἐν
1389 1897 1454 1930 τοῖς
1474 1895 1636 1938 Ὀρφικοῖς
1660 1895 1824 1936 καλουμέ-

288 1951 353 1976 νοις
373 1942 462 1972 ἔπεσι
483 1951 559 1973 9559
576 1941 661 1974 dicit
689 1944 746 1981 τὴν
767 1943 874 1985 ψυχὴν
897 1943 932 1973 ἐκ
953 1944 1009 1974 τοῦ
1031 1942 1111 1973 ὃλου
1141 1943 1271 1974 εἰσιέναι
1296 1942 1529 1980 ἀναπνεόντων,
1553 1943 1729 1986 φερομένην
1759 1943 1822 1974 ὑπὸ

291 1990 351 2019 τῶν
373 1988 504 2030 ἀνέμων.

330 2038 358 2068 3.
377 2037 464 2068 Sunt
478 2039 595 2068 tamen
609 2037 770 2077 quaedam
781 2047 857 2078 quae
870 2047 912 2069 ex
921 2038 1083 2080 Orphicis
1098 2038 1215 2080 potius
1234 2048 1341 2080 quam
1355 2048 1397 2071 ex
1408 2039 1635 2080 Pythagoreis
1648 2039 1691 2071 ad
1703 2039 1823 2071 Ionem

289 2084 550 2126 permanavisse
571 2084 711 2115 credam
728 2084 897 2116 libenter:
925 2087 1025 2126 cujus
1043 2086 1181 2127 generis
1203 2088 1296 2125 sunt,
1312 2087 1347 2118 ni
1372 2087 1486 2125 fallor,
1508 2097 1586 2128 quae
1608 2087 1650 2118 de
1668 2087 1824 2119 Fortuna

290 2134 510 2175 exposuerat.
534 2134 610 2164 Non
633 2133 725 2164 enim
746 2135 882 2165 tantum
906 2133 1067 2173 creandis
1085 2134 1191 2165 rebus
1213 2134 1434 2166 naturalibus
1455 2135 1649 2166 Fortunam
1669 2134 1824 2166 adfuisse

290 2181 352 2212 Ion
372 2180 520 2219 dicebat,
542 2180 602 2211 sed
621 2182 725 2213 etiam
744 2182 841 2213 illam
870 2183 1109 2214 arbitrabatur
1130 2192 1249 2214 rerum
1276 2183 1512 2215 humanarum
1537 2183 1821 2224 procurationem

290 2228 418 2259 habere
436 2229 469 2259 91
482 2228 684 2260 mortalium
699 2230 778 2261 vitae
795 2239 829 2261 se
843 2230 1053 2269 immiscere,
1069 2232 1107 2262 ut
1120 2240 1161 2262 ex
1176 2231 1351 2262 Plutarchi
1366 2231 1443 2263 loco
1461 2231 1580 2271 liquet.
1601 2244 1614 2258 a
1632 2231 1693 2262 Ion
1707 2233 1822 2272 poeta,

291 2275 339 2306 ait
353 2275 570 2314 Plutarchus,
585 2275 622 2306 in
645 2277 811 2318 operibus
828 2287 935 2318 prosa
949 2278 1106 2309 oratione
1133 2278 1273 2319 scriptis
1292 2278 1376 2310 dicit
1398 2279 1601 2316 Fortunam,
1620 2288 1824 2319 quanquam

291 2323 337 2353 sit
355 2322 550 2363 prudentiae
571 2324 714 2355 omnino
734 2324 927 2363 dissimilis,
953 2325 1131 2357 simillima
1154 2327 1272 2357 tamen
1293 2326 1429 2357 efficere
1451 2336 1457 2357 :
1477 2328 1663 2366 utramque
1691 2326 1825 2358 seilicet

291 2370 450 2401 homines
467 2370 644 2409 extollere,
656 2371 893 2410 adornare,ad
907 2372 1055 2413 gloriam
1072 2373 1227 2412 evehere,
1244 2374 1286 2405 ad
1300 2375 1522 2415 potestatem,
1538 2373 1581 2405 ad
1595 2373 1822 2415 imperium.»

292 2417 479 2455 Plutarch,
494 2418 535 2448 de
548 2419 702 2449 Fortuna
720 2419 998 2459 R0171a11c1(Mor.,
1023 2431 1056 2461 p.
1075 2421 1144 2459 316,
1166 2421 1210 2461 d).
1238 2421 1336 2459 Quod
1356 2421 1592 2462 fragmentum
1619 2430 1823 2462 quanquam

289 2465 382 2497 inter
408 2466 576 2498 historica
603 2467 799 2509 fragmenta
815 2468 943 2507 laudat,
973 2468 1102 2499 fatetur
1125 2470 1239 2500 tamen
1257 2469 1290 2500 C.
1316 2469 1464 2500 Mueller
1478 2470 1633 2509 (Fraym.
1658 2468 1821 2500 Historic.

291 2513 408 2551 Graux,
424 2524 456 2555 p.
474 2514 535 2551 51),
552 2516 666 2556 aptius
682 2516 724 2547 ad
735 2516 892 2557 Τριαγμόν
908 2516 1031 2548 referri
1044 2525 1157 2557 posse.
1170 2516 1216 2547 Cf.
1232 2516 1409 2547 Plutarchi
1420 2516 1544 2555 taoesl.
1560 2525 1723 2557 Sympos„
1734 2516 1821 2554 VIII,

289 2563 318 2599 1,
334 2561 393 2592 ubi
412 2562 530 2593 eaden]
552 2564 725 2595 sententia
738 2564 934 2606 reponitur,
950 2565 1077 2595 iterum
1093 2564 1167 2595 Ioni
1185 2563 1373 2605 adscripta.
1390 2565 1466 2595 Non
1482 2564 1645 2604 equidem
1666 2564 1822 2605 argutias

289 2609 346 2640 hic
361 2609 462 2640 velim
490 2620 674 2652 apponere.
691 2613 768 2643 Non
791 2622 936 2653 possum
955 2614 1072 2643 tamen
1089 2611 1202 2643 facere
1231 2611 1316 2652 quin
1343 2611 1620 2643 adimadvertam
1640 2611 1734 2643 inter
1758 2613 1822 2644 Or—

290 2657 394 2698 phica
408 2659 543 2689 exstare
558 2668 698 2690 carmen
711 2660 747 2690 in
762 2659 932 2691 honorem
947 2660 1110 2690 Fortunae
1126 2659 1373 2701 compositum,
1392 2659 1428 2691 in
1444 2668 1513 2700 quo
1528 2659 1659 2690 eaedem
1676 2658 1821 2691 omnino

288 2706 405 2745 partes
420 2705 491 2736 dere
510 2706 746 2747 assignantur,
763 2716 849 2747 quas
865 2707 926 2738 Ion
943 2707 1107 2738 Fortunae
1122 2706 1373 2747 assignaverat.
1390 2720 1404 2734 «ι
1423 2707 1451 2738 Α
1466 2708 1511 2745 19,
1526 2706 1642 2746 inquit
1656 2705 1822 2738 carminis

290 2753 423 2789 auctor,
446 2753 574 2793 pendet
591 2753 793 2785 mortalium
812 2753 894 2791 vita,
911 2753 1018 2785 variis
1042 2753 1178 2784 vicibus
1193 2754 1354 2786 obnoxia.
1372 2753 1582 2785 Hominibus
1602 2755 1638 2785 tu
1658 2755 1733 2785 tum
1747 2762 1821 2785 am-

291 2798 383 2840 plam
400 2799 574 2831 bonorum
588 2801 726 2841 copiam
741 2801 859 2839 struis,
878 2803 952 2832 tum
967 2800 1096 2832 malam
1116 2801 1331 2843 pauperiem,
1350 2802 1440 2834 iram
1455 2801 1519 2833 sub
1535 2801 1639 2833 corde
1662 2801 1818 2833 volvens.

292 2846 664 2931 ⁴ggehiserolbigxcizpl,)oro
685 2850 717 2881 19
740 2849 777 2880 ut
798 2849 918 2880 venias
936 2849 1022 2881 mihi
1036 2848 1200 2891 benigna,
1215 2849 1317 2882 bonis
1335 2850 1428 2882 bona
1442 2849 1626 2882 cumulans
1642 2861 1657 2876 »
1677 2848 1821 2890 (Hymni

325 2902 364 2935 rp
393 2903 449 2932 ici,
493 2919 502 2926 .
522 2917 532 2926 1
583 2920 603 2936 ,.
