2125 3534
1038 285 1237 325 -4-

371 416 536 460 rusque
551 403 735 444 centum
755 397 1112 442 adolescentium
1128 395 1327 454 Delphos
1349 409 1403 437 ex
1422 392 1573 436 insula
1590 392 1758 435 missus
1781 395 1847 436 est
1867 394 1896 435 ¹.

370 473 549 518 Persico
572 471 689 514 bello
711 470 845 528 paulo
864 473 963 528 post
982 472 1170 520 vastata,
1199 467 1453 523 iterumque
1469 478 1589 508 anno
1615 465 1696 505 412
1718 462 1771 506 ab
1789 463 1899 522 ipsis

367 542 722 589 Atheniensibus
745 540 917 598 direpta
938 540 967 593 2,
997 540 1044 582 in
1077 539 1284 582 omnium
1315 550 1467 579 rerum
1498 534 1734 592 naufragio
1764 534 1899 577 Chios

368 617 621 659 litterarum
653 612 908 668 artiumque
943 609 1143 653 studium
1179 623 1270 651 non
1309 606 1483 658 omisit;
1525 604 1617 657 sed,
1659 608 1898 663 postquam

370 685 506 729 tantis
529 681 860 728 calamitatibus
887 680 1086 724 enatavit
1112 692 1357 736 rursusque
1387 677 1568 719 fortuna
1590 675 1687 719 visa
1705 679 1772 719 est
1792 676 1901 719 arri-

371 758 490 809 dere,
521 755 686 798 scholae
715 755 975 797 instauratae
997 757 1116 796 sunt.

431 828 577 880 Quam
600 830 750 869 autem
772 826 819 868 in
846 825 916 868 his
938 824 1055 868 ludis
1082 823 1368 881 disciplinam
1388 820 1514 880 pueri
1537 823 1579 863 et
1597 818 1915 866 adolescentes,

373 900 652 958 acciperent,
689 912 742 940 ex
787 897 1110 955 epigrammate
1153 893 1270 952 quod
1310 907 1446 951 supra
1480 889 1838 934 memoravimus
1871 889 1917 942 3,,

372 971 504 1014 facile
526 983 767 1028 possumus
790 967 1043 1025 intelligere
1065 980 1073 1008 :
1098 965 1277 1023 singula
1298 964 1420 1007 enim
1440 963 1487 1005 in
1506 977 1557 1005 eo
1579 963 1906 1005 enumerantur

373 1041 429 1086 ad
463 1055 560 1099 quae
597 1053 784 1097 quaeque
826 1037 1154 1096 discipulorum
1187 1039 1293 1079 aetas
1333 1033 1638 1077 exercebatur.
1675 1031 1906 1075 Exercita-

372 1114 519 1156 tiones
547 1111 598 1154 de
621 1110 782 1168 quibus
804 1110 851 1152 in
874 1108 1021 1168 lapide
1043 1109 1089 1150 fit
1110 1107 1298 1159 mentio,
1324 1106 1487 1165 partim
1510 1104 1711 1156 musieae,
1742 1102 1908 1162 partim

374 1183 596 1244 gymnicae
616 1185 756 1224 erant.
780 1180 850 1223 Ad
870 1180 1067 1223 musicas
1089 1178 1375 1238 pertinebant
1398 1182 1626 1233 ἀναγνώσεις,
1652 1180 1841 1232 ραψωόίαι,
1862 1174 1910 1216 in

374 1254 538 1314 quibus
566 1252 662 1311 jam
696 1251 799 1295 inde
830 1252 884 1294 ab
919 1250 1175 1294 Homeridis
1204 1249 1301 1292 Chii
1332 1248 1540 1291 homines
1569 1247 1851 1291 excellebant
1869 1247 1906 1299 4;

374 1332 516 1381 ψαλμός
543 1327 585 1367 et
609 1329 837 1380 κιθαρισμός;
862 1321 916 1364 ad
941 1321 1191 1380 gymnicas,
1214 1335 1372 1363 cursus
1400 1319 1477 1377 qui
1501 1319 1713 1362 dicuntur
1746 1323 1907 1376 ὃὸλιχος,

378 1401 530 1448 στάδιον,
561 1400 717 1446 δίαυλος,
747 1397 790 1436 et
815 1393 939 1435 varia
965 1391 1225 1435 luctationis
1247 1405 1428 1449 genera,
1452 1396 1549 1441 πάλη
1574 1393 1616 1432 et
1635 1397 1776 1445 πυγμή.
1801 1388 1909 1440 Quae

379 1466 531 1511 omnia
553 1465 801 1508 certamina
834 1463 1013 1522 publice
1040 1466 1083 1505 et
1115 1462 1195 1505 sub
1218 1462 1426 1505 Herculis
1455 1461 1777 1519 Musarumque
1808 1474 1913 1504 aus-

379 1537 510 1598 piciis
530 1535 888 1579 celebrabantur.

438 1607 627 1666 Cognito
649 1621 745 1663 quae
768 1608 884 1647 esset
898 1603 1015 1662 apud
1039 1603 1173 1647 Chios
1195 1604 1555 1648 adolescentium
1578 1618 1915 1663 puerorumque

379 1679 633 1738 disciplina,
660 1677 873 1720 discimus
900 1675 1037 1718 simul
1058 1675 1221 1733 quibus
1239 1674 1335 1733 jam
1357 1675 1516 1719 studiis
1543 1676 1748 1719 excultus
1774 1674 1916 1717 Athe—

377 1767 457 1794 nas
476 1751 556 1794 Ion
572 1748 817 1792 advenerit.
839 1746 949 1799 Quis
971 1747 1094 1789 enim
1116 1761 1209 1789 non
1234 1747 1355 1789 videt
1376 1747 1447 1790 his
1470 1746 1916 1790 certaminibuseum

376 1837 481 1867 cum
520 1819 768 1878 {equalibus
802 1817 1076 1869 interfuisse,
1109 1817 1272 1875 saepius
1300 1817 1354 1860 ad
1383 1817 1527 1875 lyram
1573 1817 1791 1860 cecinisse
1821 1816 1915 1859 Ho-

377 1893 490 1937 meri
512 1894 734 1951 poemata,
758 1892 799 1932 et
815 1904 893 1932 seu
908 1888 1147 1932 velocitate
1166 1888 1349 1946 pedum,
1369 1903 1448 1931 seu
1463 1887 1736 1931 lacertorum
1758 1887 1918 1931 robore

379 1965 431 2009 de
452 1964 603 2023 palma
632 1962 680 2005 in
701 1976 838 2004 arena
865 1959 1187 2003 contendisse?
1915 1995 1918 1998 Δ

437 2035 525 2088 Qui
545 2048 651 2076 vero
673 2033 720 2075 fit
745 2035 795 2075 ut
816 2031 1133 2082 Orthomenes,
1159 2029 1308 2073 oblata
1329 2029 1552 2073 educandi
1574 2029 1621 2071 in
1648 2029 1746 2088 ipsa
1767 2029 1921 2072 insula

380 2107 460 2150 filii
482 2105 693 2149 facultate
716 2107 853 2155 tanta,
878 2102 1035 2145 Ionem
1064 2102 1256 2161 patriam
1277 2102 1533 2160 relinquere
1554 2101 1779 2144 voluerit?
1801 2100 1919 2153 Quia

381 2177 601 2221 nimirum
618 2176 667 2218 in
687 2175 765 2218 tali
784 2190 830 2218 re
851 2174 1003 2216 minus
1024 2173 1236 2232 ponderis
1257 2173 1391 2216 habet
1409 2172 1732 2231 magistrorum
1753 2187 1918 2215 nume-

384 2265 459 2293 rus
480 2263 616 2306 quam
633 2246 886 2306 prudentia.
906 2245 1035 2298 Quod
1051 2246 1087 2287 si
1110 2245 1162 2288 de
1179 2245 1395 2288 Chiorum
1413 2245 1737 2303 magistrorum
1759 2243 1918 2286 huma-

384 2320 524 2364 nitate
557 2322 599 2362 et
636 2317 798 2360 litteris
826 2316 1052 2375 judicium
1094 2316 1287 2360 facimus
1327 2331 1380 2359 ex
1415 2316 1568 2374 inepto
1609 2315 1688 2357 illo
1734 2314 1920 2357 homine

385 2405 520 2450 quem
550 2389 795 2448 Sophocles
822 2388 940 2447 apud
960 2388 1294 2431 Hermesileum
1320 2387 1438 2430 inter
1458 2386 1612 2446 epulas
1639 2385 1750 2429 adeo
1778 2385 1922 2429 facete

385 2461 553 2506 salibus
597 2461 690 2504 suis
732 2460 921 2519 aspersit
951 2461 981 2512 5,
1030 2459 1253 2502 fateamur
1296 2473 1479 2502 necesse
1525 2461 1593 2502 est
1636 2472 1712 2501 eos
1760 2472 1921 2516 parum

427 2624 454 2654 1.
480 2621 691 2659 Herodotus,
717 2621 772 2659 VI,
792 2622 843 2652 27.

425 2671 454 2701 2.
480 2668 633 2709 Thucyd.
654 2668 741 2707 VIII,
760 2670 810 2699 24.

426 2718 455 2748 3.
480 2716 565 2748 Vide
589 2725 708 2757 supra,
734 2725 768 2757 p.
796 2717 822 2746 1.

425 2766 455 2795 4.
478 2764 512 2795 C.
536 2764 561 2794 I.
583 2763 639 2794 Gr.
666 2764 756 2801 2214,
777 2772 857 2794 cum
876 2763 1150 2800 commentario,
1172 2762 1209 2793 in
1234 2762 1268 2794 C.
1295 2763 1321 2793 I.
1346 2761 1402 2793 Gr.
1428 2762 1503 2792 2221
1530 2762 1747 2793 memoratur
1766 2768 1917 2802 gymna-

389 2812 480 2843 sium
502 2811 724 2842 Homereum.

429 2860 457 2889 5.
474 2858 559 2890 Vide
575 2860 689 2890 totum
710 2858 803 2889 Ionis
826 2858 942 2890 locum
957 2857 1049 2900 apud
1069 2858 1101 2889 C.
1124 2857 1280 2896 Mueller,
1302 2856 1618 2898 F1·a9m.Historic.
1634 2865 1747 2897 θῆρα,
1766 2865 1800 2897 p.
1822 2856 1862 2887 46
1885 2856 1921 2890 et

390 2906 427 2938 in
441 2905 511 2937 fine
530 2905 635 2947 huJus
650 2906 769 2937 libelli.
