2125 3534
1046 276 1247 317 -8-

380 390 482 446 post
508 386 638 430 annis
671 391 824 446 aperte
845 386 1103 441 declaravit,
1135 402 1255 441 cum,
1279 387 1519 430 Phaselitis
1550 387 1692 430 iratus
1724 387 1771 429 in
1799 401 1911 445 quos

375 457 568 517 jamjam
597 462 691 501 erat
719 458 1115 503 animadversurus
1143 459 1261 517 quod
1284 458 1635 501 Atheniensium
1667 458 1911 517 imperium

376 533 658 587 respuerent,
684 530 901 573 Chiorum
929 531 1135 588 precibus
1163 530 1216 574 ad
1248 530 1450 573 mitiores
1483 544 1641 572 sensus
1675 533 1911 574 revocatus

376 604 443 643 est
484 604 527 643 et
560 615 693 644 suum
728 601 967 644 Phaselitis
997 602 1168 645 crimen
1199 602 1473 645 condonavit
1508 602 1534 643 ¹.
1571 600 1667 643 Imo
1700 615 1823 654 vero,
1857 602 1911 645 ab

375 672 598 715 universis
628 671 982 716 Atheniensibus
1004 677 1213 717 accurate
1235 673 1496 716 observatos
1518 687 1613 715 esse
1636 671 1770 715 Chios
1803 673 1912 716 satis

375 758 428 786 ex
450 758 501 787 eo
523 747 714 796 constat,
734 743 851 802 quod
868 744 935 786 illi
957 745 1074 788 inter
1095 745 1238 788 socios
1258 745 1341 788 soli
1363 759 1467 788 cum
1489 744 1652 787 Samiis
1672 743 1912 802 Lebiisque

374 813 442 855 sui
468 812 584 871 juris
609 829 704 857 esse
727 829 819 857 non
842 815 1067 859 desierant
1094 820 1137 859 et
1163 816 1437 859 tributorum
1466 818 1595 859 erant
1623 814 1851 858 immunes
1872 816 1909 868 2;

372 899 455 928 nec
476 885 664 929 fortasse
687 886 864 930 Cimoni
890 887 1130 946 indignum
1151 888 1299 931 visum
1323 891 1389 931 est
1416 886 1762 931 humanioribus
1783 885 1838 929 ad
1866 901 1912 929 se

371 957 573 1000 moribus
592 958 772 1001 allicere
795 958 938 1002 filium
959 960 1095 1003 unius
1112 975 1133 1003 e
1152 960 1432 1019 principibus
1454 957 1592 1017 hujus
1612 957 1788 1011 insulae,
1813 972 1911 1016 quae

370 1028 727 1072 Atheniensibus
753 1030 1013 1089 praesidium
1043 1031 1091 1074 in
1121 1031 1381 1090 longinquis
1408 1030 1669 1089 regionibus
1696 1029 1912 1073 adversus

371 1099 585 1143 barbaros
623 1104 827 1159 paratum
860 1101 1110 1155 videbatur,
1148 1106 1192 1145 et
1222 1101 1353 1160 cujus
1386 1101 1535 1145 studia
1567 1101 1652 1144 sibi
1682 1101 1911 1145 devincire

373 1187 648 1231 magnopere
677 1173 931 1217 studebant.
960 1175 1214 1233 Utcumque
1248 1189 1293 1217 se
1336 1189 1387 1217 ea
1413 1189 1484 1217 res
1506 1173 1656 1227 habet,
1680 1188 1760 1232 pro
1788 1176 1911 1216 certo

372 1243 528 1287 haberi
561 1248 707 1302 potest
735 1244 832 1302 jam
866 1245 970 1289 inde
1000 1246 1118 1289 inter
1148 1246 1366 1289 eximium
1397 1245 1558 1288 ducem
1588 1245 1911 1303 egregiumque

368 1313 585 1372 juvenem
619 1317 841 1359 exstitisse
874 1321 1042 1361 mutuae
1071 1317 1297 1375 quoddam
1329 1317 1657 1360 benevolentiae
1689 1315 1906 1369 studium,

371 1385 491 1443 quod
526 1386 650 1429 brevi
684 1389 951 1432 arctioribus
986 1390 1196 1433 amicitia}
1240 1389 1436 1433 vinculis
1467 1389 1786 1432 confirmatum
1825 1391 1906 1431 est.

369 1458 661 1502 Adolescenti
679 1460 805 1503 Cimo
822 1462 1102 1505 auctoritatis
1116 1478 1205 1505 suae
1223 1462 1444 1505 auxilium
1463 1461 1582 1520 apud
1600 1460 1910 1504 nobilissimos

371 1529 565 1573 civitatis
583 1531 718 1581 viros,
744 1532 913 1576 amicos
936 1548 1055 1587 suos,
1083 1534 1305 1592 praestitit,
1325 1537 1375 1576 ut
1394 1536 1601 1592 paterent
1622 1532 1689 1574 illi
1711 1531 1912 1575 Athena-

370 1616 472 1643 rum
494 1601 654 1645 domus
674 1603 958 1656 clarissimas-3
983 1605 1141 1647 Ionem
1163 1609 1321 1648 contra
1343 1604 1543 1648 Cimonis
1564 1602 1768 1663 partibus
1788 1601 1911 1645 vide-

369 1673 519 1716 bimus
549 1689 655 1716 mox
688 1689 733 1717 se
768 1675 1006 1728 addixisse,
1039 1675 1196 1729 donec,
1224 1676 1437 1719 defuncto
1464 1691 1631 1734 magno
1660 1675 1771 1718 duce
1793 1673 1910 1717 frac-

370 1744 515 1802 tisque
537 1745 825 1803 optimatium
848 1747 1022 1805 opibus,
1049 1747 1236 1791 Periclis
1267 1747 1563 1791 consiliorum
1593 1746 1909 1806 magnitudine

370 1820 527 1874 captus
550 1821 616 1859 est
637 1821 769 1876 atque
790 1819 857 1861 illi
879 1819 1050 1862 destitit
1076 1819 1319 1863 adversari.

427 1887 638 1931 Nondum
662 1904 768 1932 vero
797 1904 847 1932 ea
868 1893 962 1932 erat
988 1889 1110 1933 Ionis
1132 1894 1238 1934 aetas
1267 1891 1314 1933 in
1337 1905 1472 1949 quam
1495 1890 1708 1934 caderent
1727 1891 1910 1949 negotia

369 1961 413 2001 et
448 1973 600 2001 rerum
636 1960 922 2018 publicarum
953 1976 1075 2015 cura,
1107 1962 1184 2005 sed
1217 1962 1472 2005 litterarum
1506 1962 1655 2005 studio
1688 1962 1909 2005 nimirum

368 2029 517 2087 potius
564 2029 862 2075 detinebatur.
913 2031 1034 2085 Quos
1081 2037 1234 2077 autem
1275 2034 1516 2093 magistros
1564 2033 1647 2077 Ion
1686 2033 1910 2077 audiverit

368 2099 614 2143 admodum
646 2102 873 2145 incertum
905 2107 984 2146 est.
1009 2105 1225 2148 Attamen
1246 2109 1606 2148 consentaneum
1629 2109 1696 2149 est
1723 2119 1827 2149 eum
1859 2105 1908 2148 in

370 2171 570 2214 Cimonis
604 2172 738 2220 domo
773 2174 942 2217 multos
987 2176 1193 2235 egregios
1233 2176 1354 2219 viros
1391 2177 1676 2230 convenisse,
1712 2191 1907 2234 quorum

369 2257 602 2286 sermones
624 2243 678 2286 ad
705 2244 1047 2288 informandum
1071 2245 1254 2305 juvenis
1275 2247 1481 2291 animum
1508 2247 1631 2291 haud
1650 2247 1782 2291 dubie
1804 2247 1907 2307 plu-

368 2313 536 2357 rimum
556 2314 814 2358 valuerunt.
840 2317 1030 2361 Videtur
1053 2319 1303 2377 praesertim
1326 2334 1430 2362 cum
1456 2319 1690 2378 AEschylo,
1713 2319 1789 2378 qui
1808 2323 1906 2363 tum

367 2385 513 2429 atticae
534 2401 678 2429 scenae
701 2387 867 2431 arbiter
888 2389 1152 2443 habebatur,
1181 2390 1556 2434 consuetudinem
1584 2390 1875 2449 conjunxisse
1894 2405 1902 2435 :

367 2456 485 2514 quod
520 2472 541 2499 e
576 2457 811 2501 Plutarchi
854 2459 952 2503 loco
985 2461 1180 2520 intelligi
1217 2466 1380 2521 potest,
1416 2463 1464 2505 in
1497 2478 1584 2521 quo
1626 2466 1908 2506 memoratur

365 2527 523 2570 Ionem
552 2532 595 2571 et.
620 2529 891 2589 AEschylum
918 2532 1170 2576 isthmiaeis
1200 2534 1318 2577 ludis
1345 2550 1434 2577 una
1457 2534 1651 2578 affuisse.
1675 2534 1746 2578 Ad
1776 2549 1905 2593 spec-

367 2599 557 2642 tandum
581 2599 712 2658 juxta
746 2602 1021 2657 assederant,
1054 2605 1310 2664 pugilatum
1337 2606 1588 2658 intuentes;
1620 2620 1815 2664 cumque
1848 2605 1905 2649 ad

367 2670 534 2714 vulnus
559 2674 865 2731 pugnantium
899 2675 1083 2720 alterius
1114 2677 1191 2736 qui
1224 2677 1412 2721 aderant
1442 2677 1642 2722 universi
1676 2692 1782 2721 cum
1814 2677 1904 2722 cla-

409 2853 435 2882 1.
456 2851 643 2889 Plutarch,
662 2852 789 2890 Cimon,
813 2853 884 2885 XII.

409 2899 438 2933 2,
458 2899 574 2938 Grote,
595 2899 683 2931 Hist.
699 2910 854 2943 yrecqzce,
872 2901 962 2942 VIII,
980 2912 1013 2946 p.
1032 2904 1063 2943 4,
1084 2903 1120 2936 in
1143 2903 1268 2946 gallica
1285 2903 1527 2938 translatione.
