2125 3534
1023 300 1283 342 —112—

387 342 392 355 ἱ

394 412 608 454 Οἰνοπίωνος
629 412 807 463 βασιλείας
822 413 881 450 καὶ
900 411 1068 456 ’Άὸαντες
1088 412 1121 457 ἐξ
1141 411 1303 455 Εὐὸοίας.
1323 412 1540 454 Οἰνοπίωνος
1560 410 1596 448 δὲ
1615 409 1675 447 καὶ
1695 413 1766 448 τῶν
1783 409 1920 448 παίδων

394 475 517 515 ἔλαὸεν
544 477 684 529 ὓστερον
704 477 905 530 Ἄμφικλος
931 480 996 524 τὴν
1023 479 1138 531 ἀρχήν
1163 494 1170 502 ·
1194 479 1336 531 ἀφίκετο
1367 477 1403 515 δὲ
1431 475 1464 520 ἐξ
1493 477 1656 518 Ἱστιαίας
1680 478 1698 512 ὁ
1718 475 1924 528 ’Ἄμφικλος

390 548 456 588 τῆς
470 542 502 578 ἐν
518 540 650 589 Εὐὸοίᾳ
661 544 749 579 κατὰ
766 544 948 593 μάντευμα
961 544 999 580 ἐκ
1014 544 1173 596 Δελφῶν.
1184 543 1324 595 Ἕκτωρ
1341 543 1377 580 δὲ
1396 543 1464 579 ἀπὸ
1477 546 1541 579 τοῦ
1556 541 1757 594 Ἀμφίκλου
1770 542 1921 593 τετάρτῃ

393 611 508 658 γενεᾷ,
534 607 713 657 βασιλείαν
740 609 806 660 γὰρ
832 607 914 661 ἔσχε
938 610 997 645 καὶ
1023 610 1137 657 οὗτος,
1161 608 1382 658 ἐπολέμησεν
1405 605 1584 644 Ἀὃάντων
1610 609 1669 644 καὶ
1696 611 1820 659 Καρῶν
1849 610 1925 649 τοῖς

395 672 548 708 οἰκοῦσιν
569 672 602 709 ἐν
620 676 663 722 τῇ
684 673 796 722 νήσῳ,
816 675 874 709 καὶ
898 674 979 715 τοὺς
1005 674 1065 723 μὲν
1091 673 1289 710 ἀπέκτεινεν
1312 673 1344 709 ἐν
1371 677 1448 714 ταῖς
1478 673 1624 725 μάχαις,
1648 673 1730 714 τοὺς
1753 671 1790 709 δὲ
1813 673 1923 710 ἀπελ-

394 739 463 773 θεῖν
483 737 679 788 ἠνάγκασεν
707 737 958 780 ὑποσπόνδους.
980 738 1175 788 Γενομένης
1203 737 1239 775 δὲ
1266 738 1481 788 ἀπαλλαγῆς
1506 737 1669 786 πολέμου
1696 738 1809 784 Χίοις,
1838 737 1922 789 ἀφι-

393 801 511 838 κέσθαι
530 806 721 848 τηνικαῦτα
741 803 774 844 ἐς
793 805 939 852 μνήμην
953 803 1098 856 “Ex-„opt
1115 804 1162 846 ὡς
1179 808 1265 855 σφᾶς
1278 805 1337 839 καὶ
1357 803 1455 839 ’.Ἰωσι
1472 801 1543 839 δέοι
1565 803 1721 839 συνθύειν
1737 802 1771 844 ἐς
1784 801 1924 838 Πανιώ-

394 881 467 903 νιον
492 883 499 890 ·
518 867 667 920 τρίποδα
686 867 723 905 δὲ
742 869 847 906 ἆθλον
876 867 997 906 λαὸεῖν
1022 869 1125 906 αὐτὸν
1154 869 1209 906 ἐπὶ
1234 868 1451 921 ἀνδραγαθίᾳ
1475 869 1570 920 παρὰ
1599 871 1661 904 τοῦ
1686 871 1808 904 κοινοῦ
1839 867 1926 920 φησί

394 935 456 969 τοῦ
477 932 618 972 Ἰώνων.
639 937 796 970 Τοσαῦτα
819 934 985 986 εἰρηκότα
1008 934 1041 976 ἐς
1060 935 1166 976 Χίους
1190 934 1296 970 Ἴωνα
1317 933 1474 985 εὕρισκον
1500 949 1508 956 ·
1531 933 1571 969 οὐ
1600 932 1721 982 μέντοι
1747 932 1860 969 ἐκεῖνό
1889 935 1932 984 γε

400 997 520 1051 εἷ’ρηκε
538 997 615 1035 καθ’
629 999 756 1045 ἥντινα
782 1000 895 1036 αἰτίαν
917 1003 997 1036 Χῖοι
1016 1000 1178 1038 τελοῦσιν
1198 999 1231 1041 ἐς
1249 999 1386 1041 Ἴωνας.

1150 1100 1174 1129 0)

1151 1125 1175 1138 A

446 1177 684 1225 Athenaeus‚
703 1177 753 1224 X,
775 1177 866 1224 426,
883 1176 913 1216 E
933 1187 941 1215 :
1031 1177 1113 1214 Ἴων
1138 1179 1155 1214 ὁ
1181 1177 1337 1223 ποιητὴς
1364 1176 1398 1213 ἐν
1427 1180 1478 1225 τῷ
1502 1177 1586 1228 Περὶ
1613 1176 1700 1213 Χίου
1730 1173 1850 1228 φησὶν,
1873 1174 1928 1212 ὅτι

396 1243 504 1294 εὑρὼν
527 1244 544 1279 ὁ
567 1243 688 1292 μάντις
702 1242 925 1291 Παλαμήδης
942 1242 1192 1292 ἐμαντεύσατο,
1209 1243 1321 1280 πλοῦν
1343 1241 1477 1279 ἔσεσθαι
1496 1246 1571 1284 τοῖς
1591 1241 1764 1289 ζἘλλησι,
1781 1244 1922 1278 πινοῦσι

394 1313 488 1361 τρεῖς
506 1309 594 1361 πρὸς
610 1306 671 1345 ’ένα
689 1309 853 1350 κυάθους.

449 1450 624 1503 Etymol.
648 1451 698 1489 M.
721 1462 729 1489 ἰ
752 1451 896 1504 Λόγχας
923 1452 983 1493 τὰς
1005 1449 1149 1503 μερίδας
1167 1450 1285 1493 Ἴωνες
1310 1449 1491 1502 λέγουσιν.
1510 1448 1590 1486 Ἴων
1624 1449 1658 1487 ἐν
1682 1451 1769 1487 Χίου
1788 1450 1928 1488 κτίσει·

399 1517 437 1554 ἐκ
452 1522 517 1563 τῆς
534 1515 622 1558 τέως
639 1517 778 1569 λόγχης
796 1518 932 1570 λόγχας
953 1521 1083 1555 ποιεῖν.

1148 1609 1173 1646 4

455 1683 728 1736 Phrynichus,
751 1697 790 1735 p.
812 1685 902 1732 31⁶2,
925 1685 990 1725 ed.
1014 1685 1115 1724 Lob.
1136 1696 1144 1723 t
1165 1686 1378 1737 Παραθήκην
1401 1684 1536 1721 Ἱππίαν
1555 1685 1613 1721 καί
1630 1684 1737 1721 Ἴωνα
1750 1698 1830 1720 τινα
1849 1699 1931 1736 συγ-

402 1748 538 1801 γραφέα
563 1750 663 1801 φασὶν
686 1750 876 1802 εἰρηκέναι,
904 1753 1010 1800 ἡμεῖς
1028 1750 1064 1786 δὲ
1082 1754 1185 1787 τοῦτο
1205 1752 1505 1803 παρακαταθήκην
1526 1751 1691 1803 ἐροῦμεν,
1712 1750 1761 1792 ὡς
1781 1750 1932 1789 Πλάτων

402 1815 461 1850 καὶ
481 1813 694 1861 Θουκυδίδης
712 1817 771 1852 καὶ
793 1816 1035 1865 Δημοσθένης.
1887 1817 1890 1820 ’

1156 1906 1179 1944 5

457 1981 606 2021 Suidas
624 1984 664 2021 et
685 1982 858 2022 Photius
881 1993 888 2020 :
911 1983 1022 2032 ὑμεῖς,
1047 1981 1075 2018 ὦ
1096 1985 1269 2034 Μεγαρεῖς
1284 1996 1319 2021 κ.
1339 1997 1372 2020 τ.
1397 1982 1432 2020 λ.
1459 1993 1468 2020 t
1559 1981 1703 2034 Ἱστορεῖ
1723 1982 1760 2020 δὲ
1780 1983 1938 2031 Μνασέας

406 2047 459 2084 ὅτι
486 2048 620 2098 Αἰγιεῖς
645 2049 678 2083 οὶ
701 2048 733 2084 ἐν
765 2047 883 2100 Αχαίᾳ
910 2050 1295 2100 καταναυμαχήσαντες
1320 2046 1504 2089 Αἰτωλοὺς
1527 2048 1586 2084 καί
1613 2044 1782 2088 λαὸόντες
1806 2061 1937 2094 πεντη-

403 2113 570 2165 κόντορον
593 2113 705 2150 αὐτῶν
727 2112 874 2159 δεκάτην
895 2116 1005 2150 Πυθοῖ
1031 2113 1247 2155 ἀνατιθέντες
1270 2113 1420 2166 ἠρώτων
1448 2113 1538 2155 τίνες
1562 2114 1744 2166 κρείττους
1769 2112 1836 2149 εἷεν
1862 2116 1933 2150 τῶν

408 2177 591 2225 Ἑλλήνων
617 2194 624 2201 ·
646 2181 668 2225 ἡ
698 2177 734 2215 δὲ
753 2180 864 2215 Πυθία
886 2178 1036 2231 ἔχρησεν
1064 2180 1181 2221 αὐτοῖς
1205 2180 1249 2216 τὰ
1271 2180 1499 2232 προκείμενα.
1527 2180 1591 2215 Καὶ
1611 2178 1690 2215 ’Ίων
1715 2177 1752 2215 δὲ
1777 2178 1938 2230 Αἰγιεῦσι

409 2243 553 2290 δοθῆναι
573 2245 632 2280 τὸν
652 2246 817 2297 χρησμὸν
838 2246 983 2297 ἱστορεῖ.
1005 2246 1102 2287 Τινὲς
1122 2244 1158 2281 δὲ
1178 2245 1311 2282 οἰόνται
1330 2249 1548 2297 Μεγαρεῦσιν
1571 2245 1732 2297 εἰρῆσθαι
1754 2243 1857 2280 αὐτὸν
1877 2245 1938 2280 καὶ

408 2309 644 2361 προφέρονται
662 2325 670 2333 ·
687 2310 803 2359 Ὑμεῖς
821 2309 850 2347 δ’
867 2310 894 2346 ὦ
911 2314 1098 2362 Μεγαρεῖς,
1121 2309 1201 2348 οὕτε
1217 2311 1330 2363 τρίτοι
1349 2309 1428 2347 οὔτε
1449 2309 1624 2362 τέταρτοι,
1644 2310 1693 2351 ὡς
1717 2310 1776 2346 καὶ
1800 2308 1935 2348 Καλλί-

413 2389 527 2427 μαχος
544 2375 578 2411 ἐν
597 2380 671 2418 τοῖς
687 2375 1022 2428 Ἐπιγραμματίοις.

978 2635 1370 2668 ΣΥΝΕΚΔΗΜΗΤΙΚΟΣ

464 2744 624 2791 Pollux,
647 2744 699 2791 Π,
719 2746 758 2792 4,
778 2745 827 2783 19
846 2756 855 2784 2
878 2744 978 2796 Παρὰ
992 2744 1087 2780 ’Ίωνι
1103 2748 1154 2793 τῷ
1172 2748 1330 2797 τραγικῷ
1348 2744 1382 2782 ἐν
1398 2747 1449 2795 τῷ
1467 2743 1744 2799 ἐπιγραφομένῳ
1764 2743 1944 2794 Συνεκδη-

416 2814 555 2861 μητικῷ
571 2810 629 2846 καὶ
650 2810 894 2867 σπανοπώγων
911 2825 964 2856 τις
983 2810 1209 2860 ὀνομάζεται.
