2125 3534
1038 320 1269 363 -10-

392 434 553 487 elucet,
595 431 713 491 quod
749 447 904 486 coenae,
948 432 1046 476 Chii
1081 432 1201 491 apud
1242 432 1366 475 Ionis
1403 435 1648 491 cognatum
1683 431 1926 491 quemdam

389 504 567 557 habitae,
594 519 685 547 una
711 503 1023 547 accubuerunt
1051 504 1061 529 ¹
1089 507 1132 546 et
1159 503 1211 546 de
1244 503 1411 546 summi
1443 504 1528 547 viri
1557 503 1760 546 moribus
1793 507 1926 562 atque

389 575 541 618 indole
568 574 793 633 judicium
824 574 906 617 Ion
939 574 1121 632 reliquit
1155 573 1276 632 quod
1300 574 1417 617 ferre
1446 589 1540 617 non
1570 574 1806 632 potuisset,
1835 574 1925 618 nisi

389 662 505 706 saepe
524 650 656 705 atque
678 645 753 689 diu
780 645 1063 688 familiariter
1083 660 1188 688 eum
1208 645 1402 688 Athenis
1431 645 1720 688 convenisset
1739 645 1768 688 2.

446 718 602 775 Neque
628 717 889 760 mehercule
910 731 1095 775 possum
1117 716 1418 760 adolescentis
1440 716 1705 760 felicitatem
1726 731 1820 760 non
1846 715 1925 759 ad-

389 788 570 841 mirari,
615 788 689 846 qui
725 788 1206 847 praestantissimorum
1243 788 1319 846 qui
1361 802 1566 846 unquam
1599 787 1726 831 fuere
1771 791 1927 847 poeta-

389 874 493 903 rum
528 874 664 918 opera
699 858 747 901 in
786 873 921 902 scena
958 858 1250 918 spectaverit3
1284 858 1360 916 qui
1394 858 1700 913 Simonidem,
1732 862 1784 902 ut
1816 858 1930 902 alios

389 935 565 975 taceam
604 945 797 989 quorum
833 931 1022 974 nomina
1059 930 1261 989 proferre
1294 930 1352 973 sit
1385 930 1590 989 longius,
1629 930 1817 984 viderit3
1854 929 1931 988 qui

389 1003 688 1061 Anaxagorae,
720 1001 1025 1045 adolescentia
1052 1005 1151 1044 tum
1181 1002 1389 1055 florente,
1420 1002 1707 1046 sermonibus
1735 1001 1932 1061 potuerit

390 1073 570 1126 adesse;
593 1074 680 1126 cui,
710 1076 759 1116 ut
784 1073 942 1132 paucis
969 1073 1124 1116 omnia
1150 1073 1443 1131 complectar,
1468 1073 1522 1115 iis
1550 1073 1831 1132 temporibus
1857 1072 1928 1116 vi-

387 1160 492 1189 vere
517 1145 671 1188 datum
699 1145 771 1197 sit,
802 1145 855 1186 iis
884 1159 1169 1187 summorum
1197 1144 1401 1187 virorum
1429 1144 1642 1188 amicitiis
1676 1144 1781 1198 frui,
1813 1160 1927 1203 quo-

388 1231 491 1259 rum
519 1215 662 1274 gratia
687 1214 904 1273 quidquid
925 1215 1115 1258 Athenae
1136 1218 1250 1269 tum,
1282 1215 1374 1258 sive
1395 1215 1443 1258 in
1468 1215 1604 1270 bello,
1629 1216 1724 1260 sive
1744 1216 1792 1259 in
1810 1216 1928 1259 litte-

389 1287 465 1340 ris,
499 1287 593 1330 sive
620 1287 666 1329 in
693 1286 863 1330 artibus
891 1286 1124 1344 egregium
1154 1286 1315 1339 tulere,
1351 1286 1520 1329 intueri
1552 1287 1696 1331 oculis
1731 1287 1930 1347 potuerit

391 1361 435 1402 et
455 1357 510 1401 ad
536 1357 832 1402 incolendum
858 1357 1095 1415 ingenium
1123 1371 1258 1400 suum
1277 1356 1481 1402 derivare
1504 1359 1532 1401 ³.

434 1573 456 1629 ξ
491 1574 529 1615 4.
565 1599 622 1604 ——
653 1574 714 1615 De
746 1570 1071 1615 remissioribus
1104 1570 1222 1614 Ionis
1254 1569 1301 1613 in
1332 1570 1632 1614 adolescentia
1670 1570 1878 1615 moribus.

445 1727 503 1772 Ut
529 1726 629 1769 Ioni
670 1727 862 1770 Athenis
899 1726 1080 1785 degenti
1113 1741 1207 1769 non
1246 1725 1432 1769 deerant
1476 1725 1730 1769 studiorum
1764 1726 1928 1770 incita-

388 1802 560 1850 menta,
579 1798 641 1840 ita
656 1798 946 1841 abundabant
961 1798 1098 1841 etiam
1114 1798 1216 1840 vitae
1239 1796 1586 1850 oblectamenta,
1611 1797 1773 1855 quibus
1789 1812 1813 1840 a
1831 1812 1930 1856 gra-

391 1870 592 1912 vioribus
614 1870 987 1929 occupationibus
1010 1869 1350 1921 distraheretur,
1377 1872 1419 1912 et
1439 1869 1725 1928 voluptatum
1747 1868 1931 1912 delicia-

388 1956 580 1999 rumque
597 1942 725 2000 copia
746 1940 1107 1999 quaejuvenilem
1124 1941 1330 1983 animum
1346 1940 1596 1983 allicerent.
1616 1940 1667 1983 In
1685 1940 1769 1983 hoc
1791 1940 1930 1998 igitur

386 2013 528 2056 aetatis
567 2013 701 2065 flexu,
738 2028 842 2056 eum
872 2028 917 2056 se
944 2011 1177 2071 profundit
1215 2012 1415 2070 primum
1459 2011 1757 2070 cupiditatum
1787 2011 1928 2070 impe-

386 2087 480 2137 tus,
524 2087 704 2142 peracto
733 2082 830 2141 jam
872 2098 1054 2136 eorum,
1092 2083 1254 2141 quibus
1294 2082 1602 2126 adolescentes
1644 2082 1926 2135 detinentur,

386 2155 533 2214 primo
553 2154 806 2198 studiorum
828 2170 978 2207 cursu,
998 2154 1052 2198 ad
1071 2154 1330 2198 liberiorem
1352 2154 1748 2212 remissioremque
1777 2157 1932 2197 noster

388 2226 570 2269 vivendi
593 2226 778 2269 modum
798 2242 843 2269 se
862 2226 1110 2270 contulisse
1129 2225 1323 2278 videtur,
1343 2241 1489 2284 neque
1509 2241 1560 2269 ea
1578 2226 1756 2270 virtutis
1778 2225 1931 2269 indole

391 2299 467 2338 aut
489 2298 779 2341 continentiae
810 2297 964 2352 fuisse,
995 2301 1044 2341 ut
1069 2312 1228 2341 omnes
1256 2298 1526 2356 voluptates,
1551 2298 1777 2352 convivia,
1802 2312 1930 2342 amo-

389 2381 475 2422 res,
506 2373 750 2427 respueret.

430 2511 457 2542 1.
480 2510 527 2542 De
548 2520 648 2543 coeua
671 2512 764 2554 apud
783 2512 1037 2544 Hermesileum
1066 2512 1186 2545 habita
1213 2512 1292 2545 vide
1323 2514 1438 2545 totum
1466 2512 1624 2544 Athenaei
1645 2511 1773 2551 locum,
1801 2511 1839 2544 in
1859 2511 1928 2544 fine

388 2556 493 2598 hujus
513 2558 620 2591 libelli
642 2560 832 2592 laudatum.

428 2607 456 2636 2.
476 2606 675 2645 Athenaeus,
697 2607 775 2648 ipsa
792 2608 884 2639 lonis
905 2608 1010 2639 verba
1030 2608 1189 2646 laudans,
1207 2608 1295 2646 XIII,
1316 2617 1349 2649 p.
1372 2608 1430 2639 604
1451 2607 1482 2639 d.
1503 2617 1510 2638 :
1533 2609 1670 2638 τοιαῦτα
1688 2606 1803 2638 πολλὰ
1822 2607 1929 2646 δεξιῶς

388 2651 479 2693 ἔλεγέ
507 2664 540 2684 τε
561 2655 616 2684 καὶ
637 2654 808 2696 ἔπρησσεν,
840 2655 892 2685 ὅτε
912 2655 999 2686 πίνοι
1018 2655 1039 2694 ἢ
1060 2656 1199 2696 πράσσοι
1221 2655 1257 2696 (l.
1279 2655 1441 2696 παίζοιῗ).
1462 2656 1505 2685 Τὰ
1525 2655 1635 2695 μέντοι
1662 2654 1823 2686 πολιτικὰ
1856 2655 1929 2686 οὔτε

389 2701 488 2741 σοφὸς
514 2700 587 2731 οὔτε
614 2701 780 2743 ῥεκτήριος
805 2699 856 2740 ἦν,
877 2701 951 2732 ἀλλ’
972 2702 1011 2737 ὡς
1028 2703 1063 2733 ἄν
1085 2713 1131 2738 τις
1151 2700 1193 2737 εἷς
1219 2704 1279 2733 τῶν
1301 2704 1452 2745 χρηστῶν
1474 2702 1659 2741 Ἀθηναῖων.
1681 2703 1760 2736 Vim
1782 2703 1932 2745 optativi

389 2746 501 2787 (πίνοι,
523 2748 677 2789 πράσσοι)
698 2748 949 2780 animadverte.

431 2796 460 2826 3.
477 2796 566 2827 Num
587 2796 807 2828 familiariter
826 2797 1003 2839 Euripide,
1019 2798 1130 2830 multo
1146 2799 1298 2839 juniore,
1319 2808 1406 2830 usus
1425 2798 1470 2830 sit
1483 2799 1557 2837 Ion,
1572 2798 1747 2831 incertum
1761 2800 1824 2831 est.
1843 2799 1932 2831 Con-

388 2843 473 2883 jecit
490 2845 606 2875 tamen
625 2845 847 2877 Welckerius
866 2855 907 2876 ex
929 2846 1181 2888 epigrammate
1201 2847 1244 2878 de
1261 2847 1438 2889 Euripidis
1454 2849 1567 2879 morte
1587 2847 1663 2879 Ioni
1683 2847 1771 2879 falso
1787 2847 1930 2888 quidem

390 2891 535 2930 tributo,
565 2892 697 2925 tributo
718 2895 846 2932 tamen,
879 2894 1033 2935 aliquam
1057 2895 1150 2928 inter
1177 2904 1236 2928 eos
1259 2896 1418 2938 potuisse
1437 2896 1605 2930 exsistere
1623 2895 1928 2929 consuetudinem.

392 2939 582 2980 (Welcker,
603 2941 665 2973 Die
682 2941 811 2983 yrieclz.
836 2943 948 2983 Tray„
969 2952 1002 2984 p.
1024 2942 1110 2983 958.)
