2125 3534
1103 317 1333 360 „32-

451 427 580 473 valde
607 425 855 472 admiratus
875 429 956 480 est,
980 430 1030 471 ut
1049 431 1234 487 apparet
1260 443 1314 471 ex
1335 425 1569 471 nonnullis
1598 424 1783 485 perditae
1815 429 1984 485 tragoe-

451 499 534 544 diae
565 498 769 543 versibus
790 498 867 556 qui
894 498 949 542 ad
975 514 1057 542 nos
1075 503 1408 558 pervenerunt:
1433 498 1479 541 in
1509 497 1673 556 quibus
1701 513 1806 542 cum
1827 513 1984 542 eorum

449 569 873 629 breviloquentiam,
904 574 1000 614 tum
1033 574 1267 615 strenuam
1299 571 1346 615 in
1379 569 1552 629 agendo
1579 569 1797 614 virtutem
1832 569 1985 614 lauda-

451 644 578 685 verat
602 655 611 684 :

541 772 625 808 Non
645 772 748 808 enim
768 771 893 808 verbis
913 773 1088 809 munitur
1106 772 1485 809 Lacedaemoniorum
1505 771 1638 808 civitas
1660 782 1668 807 ε

543 832 610 867 sed
629 832 695 867 ubi
715 833 812 867 Mars
833 843 953 869 novus
975 833 1135 880 (bellum
1155 832 1310 880 novum>
1332 832 1469 868 incidit
1488 831 1674 868 exercitui
1695 830 1881 880 (populo),

543 895 699 929 senatus
720 893 896 940 imperat,
922 904 1059 930 manus
1083 894 1241 930 conficit
1260 895 1287 930 1.

506 1023 598 1083 Ipsi
618 1038 791 1078 versus,
814 1023 933 1084 quod
954 1024 1072 1084 apud
1088 1024 1247 1069 Ionem
1265 1024 1511 1069 admodum
1531 1038 1684 1068 rarum
1708 1023 1847 1067 fuisse
1864 1020 1986 1067 vide-
2037 1065 2042 1069 .

448 1098 537 1149 tur,
573 1096 807 1140 concisum
834 1096 1003 1140 habent
1029 1097 1199 1156 aliquid
1232 1101 1275 1141 et
1311 1097 1462 1150 breve,
1487 1096 1619 1155 quale
1659 1095 1985 1155 Spartanorum

449 1166 627 1211 dicendi
654 1182 796 1226 genus
817 1167 956 1211 fuisse
977 1171 1137 1211 notum
1162 1170 1242 1211 est.
1270 1168 1383 1211 Cum
1414 1167 1512 1226 ipso
1533 1165 1986 1211 Lacedaemoniorum

447 1253 565 1298 rege,
596 1239 889 1292 Archidamo,
916 1239 1294 1282 consuetudinem
1314 1242 1483 1292 noster,
1516 1242 1567 1282 ut
1599 1238 1693 1282 veri
1715 1237 1901 1281 omnino
1923 1236 1985 1280 si-

445 1310 554 1354 mile
570 1314 650 1364 est,
670 1311 877 1354 instituit.
899 1310 968 1354 Ab
991 1325 1042 1354 eo
1063 1311 1186 1353 enim
1205 1310 1403 1370 hospitio
1421 1313 1635 1369 exceptus
1646 1312 1689 1353 et
1702 1309 1843 1368 regali
1859 1323 1986 1353 men-

447 1396 505 1425 sae.
516 1381 734 1434 assidens,
755 1381 849 1424 sive
870 1381 918 1424 in
937 1381 1111 1434 castris,
1131 1382 1225 1425 sive
1243 1381 1569 1425 Lacedaemone
1586 1395 1715 1424 coena
1730 1380 1886 1424 habita
1900 1384 1981 1434 est,

446 1453 647 1496 calmine
664 1453 863 1511 elegiaco
886 1453 1004 1512 legis
1034 1452 1191 1496 laudes
1219 1453 1478 1506 celebravit,
1510 1467 1646 1511 quem
1673 1453 1727 1496 ab
1755 1452 1853 1511 ipso
1873 1451 1984 1496 Jove

445 1539 524 1582 pei
547 1524 731 1583 longam
735 1486 1020 1567 Cdivinoium
1047 1523 1239 1568 heroum
1260 1524 1440 1578 seiiem,
1464 1524 1727 1578 Herculem,
1757 1522 1982 1576 Proclem,

444 1594 668 1648 Persidas,
694 1610 836 1653 genus
860 1595 1037 1638 trahere
1059 1595 1406 1654 prss'ofitebatur.

501 1665 730 1719 Quamdiu
750 1666 863 1710 vixit
885 1666 1028 1719 Cimo,
1050 1671 1410 1711 consentaneum
1432 1671 1499 1711 est
1525 1667 1684 1711 Ionem
1711 1665 1875 1710 iisdem
1905 1665 1984 1710 ad-

443 1753 601 1783 versus
629 1737 853 1781 Periclem
885 1737 1141 1781 inimicitiis
1167 1753 1264 1782 esse
1294 1739 1548 1791 incensum,
1588 1738 1752 1797 quibus
1784 1738 1984 1782 amicum

445 1825 579 1854 suum
609 1809 910 1868 eumdemque
945 1813 1189 1868 patronum
1218 1809 1402 1854 videbat
1434 1810 1724 1853 inflammari.
1757 1809 1984 1863 Quemad-

443 1882 631 1926 modum
643 1897 749 1926 vero
768 1885 937 1925 mutuae
958 1882 1227 1925 aemulorom
1244 1882 1496 1926 simultates
1518 1897 1611 1926 non
1633 1881 1790 1926 eadem
1806 1895 1985 1940 semper

443 1954 731 1999 vehementia
768 1956 1030 2013 eruperunt,
1070 1953 1147 1997 sed
1186 1953 1452 2012 aliquandiu
1490 1954 1679 2013 paulum
1718 1952 1979 1998 consedisse

444 2140 551 2182 ψυχῆς
577 2140 633 2169 τοῦ
660 2137 780 2180 ἀνδρὸς.
802 2156 840 2160 ——
871 2137 920 2169 Id.
945 2137 1040 2177 ibid,
1067 2138 1140 2170 XVI
1162 2148 1169 2169 :
1198 2138 1336 2179 quoties
1357 2137 1494 2170 civibus
1515 2138 1588 2169 suis
1608 2137 1742 2178 aliquid
1767 2137 1980 2179 exprobrare

443 2188 563 2220 Cimon
578 2187 717 2218 volebat
731 2187 791 2217 aut
803 2195 869 2217 veos
888 2185 1039 2224 irritare,
1055 2186 1172 2217 dicere
1187 2185 1323 2217 solebat
1339 2195 1344 2216 :
1363 2185 1439 2216 ἀλλ’
1454 2185 1490 2217 οὐ
1507 2184 1757 2226 Λακεδαιμόνιοί
1770 2196 1805 2226 γε
1824 2186 1979 2217 τοιοῦτοι.

443 2235 527 2266 Cum
547 2233 714 2275 gemellos
743 2233 832 2264 filios
866 2233 896 2264 ei
921 2233 1102 2274 genuisset
1128 2243 1228 2273 uxor,
1257 2233 1358 2265 alteri
1390 2234 1654 2272 Lacedoemonio,
1676 2233 1757 2265 Eleo
1787 2232 1889 2265 alteri
1919 2242 1983 2265 no-

443 2292 524 2314 men
544 2281 724 2322 imposuit.

485 2332 513 2361 1.
529 2330 666 2370 Fragm.
694 2330 731 2359 63
752 2337 806 2369 ap.
830 2327 950 2359 Nauck
971 2328 1087 2369 (1889).
1111 2328 1217 2360 Periit
1237 2328 1312 2371 ipse
1332 2328 1513 2370 tragoediae
1531 2328 1666 2361 titulus.
1695 2328 1741 2361 Cf.
1762 2327 1984 2361 historiolam

444 2386 521 2418 quae
542 2377 595 2407 his
613 2376 772 2407 versibus
788 2375 880 2416 apud
901 2376 1045 2407 Sextum
1062 2377 1279 2417 Empiricum
1299 2377 1419 2408 clausa
1437 2378 1499 2408 est.
1528 2377 1590 2408 Ion
1609 2377 1646 2408 in
1667 2376 1733 2408 hoc
1759 2377 1837 2408 loco
1863 2377 1983 2408 nescio

443 2433 489 2455 an
516 2423 649 2455 alludat
668 2422 821 2454 strenuis
841 2424 875 2453 et
900 2422 1050 2454 fortibus
1069 2424 1416 2456 Lacedaemoniorum
1436 2424 1606 2463 consiliiS,
1629 2434 1711 2456 cum
1734 2424 1982 2463 Archidamus,

445 2471 496 2503 Ol.
513 2472 562 2509 79,
580 2472 593 2501 1
610 2470 762 2511 (464-463
786 2472 856 2501 ant.
875 2470 934 2502 Ch.
951 2470 999 2510 n.)
1024 2470 1156 2502 civium
1176 2472 1313 2503 animos
1337 2474 1419 2514 post
1438 2474 1540 2503 terrae
1561 2474 1697 2504 motum
1717 2471 1934 2513 trepidantes
1951 2472 1985 2502 et

444 2518 648 2559 desperatos
663 2518 844 2557 recreavit,
860 2519 1110 2559 contractaque
1126 2519 1381 2561 Spartanorum
1396 2529 1515 2559 manu,
1531 2519 1779 2552 rebellantium
1792 2519 1985 2552 hilotarum

442 2565 616 2606 impetum
638 2565 818 2606 repressit.

484 2614 513 2643 2.
536 2612 619 2645 Vide
640 2612 733 2643 Ionis
755 2621 897 2644 carmen
916 2612 953 2644 in
973 2612 1127 2646 secundo
1153 2614 1259 2656 hujus
1278 2615 1386 2647 libelli
1407 2614 1531 2657 capite.
1554 2614 1639 2647 Vide
1665 2613 1759 2657 apud
1776 2613 1981 2656 Hauptium,

443 2660 486 2691 de
506 2660 596 2690 Ionis
615 2660 767 2691 versibus
783 2661 877 2702 apud
896 2661 1096 2692 Athenaeum
1118 2663 1172 2701 XI,
1191 2674 1224 2704 p.
1242 2665 1311 2701 463,
1330 2663 1609 2705 disputationem
1626 2672 1696 2704 qua
1714 2663 1766 2695 vir
1780 2663 1904 2695 doctus
1920 2671 1983 2693 va-

444 2709 514 2740 rias
545 2718 666 2740 eorum
695 2709 878 2750 opiniones
910 2710 1047 2747 refellit,
1070 2710 1131 2750 qui
1156 2711 1270 2751 primo
1301 2710 1444 2753 elegiaci
1476 2711 1642 2742 carminis
1672 2719 1775 2742 versu
1801 2709 1982 2751 designari

443 2758 570 2798 putant
595 2758 655 2787 aut
677 2757 810 2795 Jovem,
835 2759 895 2789 aut
920 2758 1106 2795 Bacchum,
1133 2759 1193 2789 aut
1222 2767 1353 2789 mensae
1378 2767 1507 2799 regem,
1535 2767 1743 2798 coenamque
1764 2757 1983 2788 arbitrantur

445 2804 519 2836 Chii
537 2806 597 2835 aut
615 2804 716 2845 Argis
732 2814 807 2835 esse
827 2805 994 2836 habitam.
1016 2805 1189 2846 Hauptius
1211 2806 1248 2837 O.
1271 2805 1429 2837 Muelleri
1450 2805 1652 2847 opinionem
1672 2805 1832 2845 sequitur
1851 2804 1912 2845 qui
1939 2803 1982 2836 ad

443 2852 693 2884 Archidamum
734 2853 1080 2885 Lacedaem011iorum
1114 2862 1233 2894 regem
1270 2853 1343 2885 haec
1376 2853 1552 2895 pertinere
1585 2853 1796 2894 suspicatur,
1836 2854 1870 2884 et
1906 2861 1983 2884 car-

443 2909 524 2931 men
556 2900 777 2932 recitatatum
807 2910 881 2931 esse
914 2900 1025 2932 credit
1056 2900 1304 2932 Laced-temone
1337 2902 1397 2932 aut
1426 2901 1464 2932 in
1496 2900 1752 2942 Spartanorum
1776 2898 1902 2932 castris
1924 2898 1976 2940 (Ο.

444 2948 601 2986 Mueller,
614 2948 702 2979 Hist.
723 2948 764 2979 (le
785 2947 819 2979 Ζα
840 2948 1001 2980 Litte'rctl.
1017 2957 1174 2989 (srecque,
1191 2948 1215 2986 1,
1236 2958 1269 2989 p.
1288 2949 1359 2987 228,
1381 2958 1462 2980 cum
1481 2948 1589 2990 nota).
1979 2962 1982 2965 ·
