2125 3534
1091 258 1323 301 -14-

439 381 541 410 mus
571 381 662 410 suae
699 366 989 423 splendorem
1031 371 1074 411 et
1107 368 1494 426 magnificentiam
1529 366 1749 410 refecerat
1771 366 1800 419 ¹,
1837 364 1892 409 ad
1929 379 1976 408 50

444 439 612 482 multos
634 443 920 483 contraxerat
942 455 963 483 e
985 439 1278 483 nobilissimis
1300 440 1494 484 civitatis
1517 438 1725 498 gentibus
1748 436 1939 495 juvenes
1961 436 1976 460 ⁶²

444 510 520 568 qui
541 510 586 552 in
610 510 858 569 locupletes
879 512 1035 569 magni
1057 512 1183 555 ducis
1204 512 1321 555 aedes
1343 516 1386 555 01
1406 525 1609 554 amoenos
1631 511 1784 552 hortos
1815 523 1978 552 conve—

443 580 643 633 niebant,
668 585 717 624 ut
734 582 856 639 regio
875 581 1071 640 hospitio
1088 583 1262 641 excepti
1279 581 1543 625 lautissimis
1559 595 1822 623 mensarum
1843 594 1977 638 appa-

442 652 614 695 ratibus
636 652 957 695 accumberent
977 657 1020 696 et
1036 653 1090 696 iis
1112 654 1349 712 epularum
1371 653 1630 696 fruerentur
1649 650 1975 710 voluptatibus,

442 738 467 766 a
487 723 648 781 quibus
669 723 829 766 herum
856 724 1008 782 ipsum
1034 739 1127 768 non
1154 724 1441 768 abhorruisse
1462 726 1640 767 constat
1661 723 1689 764 3.
1714 721 1798 765 1110
1825 722 1873 764 111
1893 721 1980 764 cir-

442 795 560 848 culo,
585 795 663 837 illa
684 795 802 838 inter
823 795 1032 838 convivia
1056 795 1214 839 Ionem
1236 796 1481 854 saepissime
1504 797 1734 838 versatum
1763 807 1859 836 esse
1881 792 1980 850 quis

441 869 603 924 neget?
626 866 780 919 Multa,
806 866 1014 924 equidem
1047 866 1205 919 fateor,
1240 882 1356 925 saepe
1379 866 1497 909 dicta
1516 880 1611 908 esse
1634 863 1847 923 praeclare
1862 864 1999 907 inter⁴

443 938 656 981 convivas
678 937 963 991 crediderim,
988 953 1092 982 cum
1114 938 1364 997 praesertim
1396 937 1542 997 epulis
1563 936 1773 979 adessent
1812 934 1980 977 summi

441 1010 542 1063 viri,
576 1010 777 1053 Cimonis
812 1010 962 1062 amici,
997 1010 1280 1069 Polygnotus
1312 1010 1388 1053 1110
1423 1013 1466 1053 01
1495 1009 1644 1052 Micon
1672 1011 1715 1050 01
1741 1006 1981 1050 Panaenius

443 1081 629 1140 ejusque
650 1081 787 1124 frater
816 1081 1001 1124 Phidias
1032 1085 1075 1124 et
1102 1085 1167 1124 tot
1197 1081 1273 1124 alii
1301 1096 1413 1139 quos
1446 1084 1600 1124 nostro
1635 1078 1827 1137 contigit
1847 1080 1897 1121 ut
1928 1076 1982 1121 de

442 1155 536 1195 arte
558 1152 604 1194 in
627 1167 714 1210 qua
731 1152 967 1206 florebant,
992 1156 1069 1196 aut
1090 1152 1143 1196 de
1165 1153 1375 1211 operibus
1394 1167 1492 1211 quaa
1513 1155 1610 1194 tum
1630 1149 1823 1193 Athenis
1853 1147 1983 1207 perfi-

443 1222 636 1277 ciebant,
677 1223 786 1267 scite
837 1223 973 1266 simul
1018 1227 1060 1266 01
1088 1222 1291 1281 jucunde
1329 1223 1601 1266 disserentes
1635 1221 1825 1264 audiret.
1864 1218 1982 1272 Quid

442 1309 564 1347 vero,
602 1309 705 1338 cum
739 1295 1071 1339 accumbebant
1103 1295 1194 1348 alii,
1225 1310 1319 1338 non
1351 1294 1535 1353 ingenio
1569 1308 1675 1337 sane
1709 1306 1855 1350 neque
1889 1305 1982 1334 ser-

443 1381 633 1409 monum
671 1367 822 1425 lepore
858 1366 1081 1419 destituti,
1118 1366 1195 1409 sed
1234 1366 1437 1409 moribus
1481 1369 1525 1408 et
1563 1364 1781 1423 dignitate
1822 1376 1981 1422 parum

443 1438 646 1496 spectati,
672 1442 721 1480 ut
750 1437 1024 1480 Melanthius
1051 1437 1142 1490 1110,
1176 1438 1377 1481 Cimonis
1412 1451 1620 1480 amorum
1649 1434 1871 1487 laudator,
1905 1433 1982 1492 qui

441 1509 606 1552 veteris
649 1508 881 1552 comoediae
913 1509 1104 1567 flagellis
1132 1510 1380 1567 vapulavit,
1420 1513 1468 1551 ut
1501 1508 1725 1551 bonarum
1749 1519 1983 1550 coenarum

498 1653 555 1697 Ut
573 1652 858 1709 egregiarum
879 1652 1061 1705 artium,
1086 1652 1148 1694 ita
1170 1652 1385 1695 vitiorum
1419 1655 1462 1694 et
1491 1649 1733 1694 libidinum
1762 1647 1982 1707 exemplis

442 1738 539 1782 quae
562 1722 659 1780 ejus
682 1723 824 1766 oculis
855 1723 1240 1782 proponebantur,
1267 1722 1493 1781 quomodo
1514 1725 1668 1765 noster
1695 1720 1916 1779 potuisset
1936 1734 1982 1762 se

443 1794 706 1847 subducere,
732 1794 787 1837 ad
812 1810 909 1852 quae
941 1794 1160 1837 imitanda
1194 1810 1299 1838 cum
1323 1798 1446 1847 zetas,
1474 1797 1571 1837 tum
1605 1792 1806 1836 Cimonis
1831 1793 1983 1834 aucto-

442 1865 549 1907 ritas
572 1879 676 1907 cum
698 1864 995 1908 hortabatur?
1015 1864 1200 1923 Aliquid
1216 1865 1355 1923 igitur
1375 1880 1397 1908 e
1420 1864 1675 1908 studiorum
1691 1862 1982 1907 contentione

442 1935 599 1979 Ionem
626 1936 674 1978 in
699 1936 846 1994 prima
863 1935 1105 1994 juventute
1132 1937 1359 1980 remisisse
1381 1952 1473 1980 non
1502 1940 1569 1979 est
1598 1935 1717 1994 quod
1743 1935 1978 1978 miremur.

443 2007 573 2059 Quod
600 2008 663 2050 ita
692 2022 740 2051 re
768 2008 866 2067 ipsa
898 2008 1036 2052 fuisse
1065 2009 1201 2052 etiam
1229 2024 1284 2052 ex
1316 2010 1490 2052 Batone
1520 2008 1780 2067 Sinopensi,
1818 2007 1894 2066 qui
1927 2006 1980 2050 de

483 2163 510 2192 1.
534 2160 633 2199 Quod
650 2162 723 2201 jam
743 2163 824 2202 post
847 2161 1082 2202 Mycalensem
1106 2171 1263 2204 pugnam
1292 2162 1367 2194 fieri
1396 2163 1522 2205 potuit.
1547 2162 1633 2194 Tum
1654 2161 1748 2193 enim
1768 2162 1810 2193 ad
1833 2162 1981 2194 Cherro-

440 2218 564 2240 nesum
591 2208 859 2240 Atheniensium
884 2210 1005 2241 classis
1027 2210 1175 2241 deducta
1201 2212 1264 2241 est.
1289 2224 1302 2238 «
1331 2210 1404 2241 Elle
1432 2211 1514 2242 etait
1543 2209 1747 2251 impatiente
1777 2209 1818 2240 de
1837 2209 1984 2241 re'tahlir

439 2256 657 2288 l’ascendant
678 2257 864 2287 d'Athenes
883 2258 916 2288 et
935 2257 976 2288 de
1002 2257 1191 2298 reprendre
1219 2257 1268 2289 les
1291 2257 1391 2288 biens
1419 2257 1478 2288 des
1504 2257 1663 2297 citoyens
1685 2256 1869 2288 atheniens
1887 2256 1929 2288 de
1952 2256 1985 2287 la

440 2305 667 2336 Chersonese.
698 2304 967 2336 Probableinent
989 2314 1037 2335 1111
1065 2305 1178 2346 grand
1202 2305 1350 2336 nombre
1381 2305 1441 2336 des
1461 2304 1672 2346 principaux
1695 2313 1934 2345 personnages
1955 2305 1989 2335 et

439 2361 482 2383 en
497 2352 701 2393 particulier
721 2352 854 2386 Cimon,
870 2351 924 2382 fils
939 2352 980 2382 de
1003 2352 1168 2388 Miltiade,
1185 2353 1325 2383 avaient
1343 2352 1377 2383 la.
1391 2352 1451 2383 des
1469 2352 1692 2394 possessi0ns
1708 2351 1874 2384 etendues
1893 2351 1913 2384 a
1929 2360 1985 2384 re-

439 2408 599 2431 couvrer.
623 2413 636 2427 »
656 2400 771 2437 Grote,
798 2399 868 2437 VII,
889 2409 923 2440 p.
942 2400 1009 2437 158,
1034 2400 1070 2430 in
1088 2399 1214 2440 gallica
1232 2399 1474 2432 translatione.

479 2449 508 2478 2.
532 2447 719 2485 Plutarch,
741 2447 870 2485 Cimon,
885 2447 994 2484 xvll;
1011 2447 1054 2478 cf.
1074 2447 1234 2484 Pericles,
1256 2448 1294 2478 X.

479 2496 508 2526 3.
532 2494 720 2532 Plutarch„
752 2495 882 2532 Cimon,
909 2494 963 2526 IV.
996 2494 1043 2525 Cf.
1077 2495 1169 2535 apud
1193 2495 1373 2526 Cratinum
1403 2494 1542 2536 (Comic.
1577 2504 1677 2535 yroec.
1701 2496 1843 2537 fraqm„
1866 2493 1981 2534 Didot,

438 2553 472 2584 p.
493 2543 522 2584 7)
543 2543 667 2574 scribta
683 2542 844 2573 Metrobii
861 2543 1005 2573 votum:
1035 2555 1049 2569 «
1071 2542 1241 2582 Equidem
1260 2543 1336 2583 ipse
1350 2543 1547 2584 sperabam,
1569 2542 1762 2574 Metrobius
1784 2542 1911 2580 scriba,
1927 2551 1982 2573 me

439 2600 519 2622 cum
533 2591 607 2621 viro
624 2589 742 2620 divino
763 2592 867 2629 atque
888 2589 1165 2630 hospitalissilno
1185 2591 1413 2630 omniumque
1428 2590 1513 2621 olim
1528 2589 1731 2621 Graecorum
1752 2590 1897 2631 optimo,
1923 2589 1979 2621 Ci—

438 2647 554 2675 mone,
575 2637 667 2668 felici
694 2638 872 2668 senectute
895 2636 1151 2675 convivantem,
1176 2639 1286 2669 totam
1310 2637 1417 2669 vitam
1438 2638 1628 2669 ducturum
1646 2647 1732 2669 esse.
1758 2637 1823 2669 Sed
1842 2637 1901 2669 ille
1926 2645 1982 2668 me

438 2685 603 2716 deserens
624 2685 710 2715 abiit
730 2685 837 2725 prior.
859 2697 874 2711 υ

478 2735 508 2763 4.
530 2733 678 2774 Optabat
695 2732 753 2763 ille
770 2732 915 2763 ciconiae
935 2731 1064 2763 collum
1082 2733 1120 2764 ut
1139 2732 1271 2764 diutius
1290 2742 1415 2774 sapore
1433 2732 1610 2765 frueretur
1624 2742 1746 2764 eorum
1761 2742 1839 2773 quae
1859 2731 1981 2774 deglu-

438 2780 556 2812 tiebat.
581 2780 778 2821 Archippus
794 2779 949 2811 comicus
969 2789 1049 2811 eum
1069 2780 1227 2812 tradebat
1245 2780 1488 2812 devorandum
1508 2781 1664 2822 piscibus
1679 2781 1848 2812 adversus
1865 2780 1979 2811 homi-

438 2837 499 2859 nes
514 2828 604 2869 gulae
619 2823 1033 2859 ded'1tos'rebellantibus.
1051 2828 1098 2859 Cf.
1114 2828 1302 2866 Plutarch,
1322 2828 1450 2865 Cimon.
1468 2829 1522 2866 IV,
1539 2830 1572 2860 et
1588 2829 1711 2861 Comic.
1728 2838 1828 2868 qroec.
1845 2829 1975 2869 fraqm.

438 2875 553 2914 Didot,
574 2886 607 2917 p.
626 2876 693 2912 108.
718 2877 785 2913 154,
810 2876 864 2906 173
880 2877 965 2913 etc.;
987 2876 1028 2906 cs.
1054 2875 1260 2907 Δ-11110110311111
1278 2876 1300 2914 1,
1324 2877 1354 2914 6,
1371 2885 1406 2915 0;
1432 2875 1502 2914 xll,
1521 2877 1592 2915 549,
1611 2886 1651 2915 a;
1672 2877 1760 2915 VIII,
1778 2877 1849 2914 343,
1868 2885 1896 2907 c.
