2125 3534
886 295 1115 337 -19-

237 405 442 449 videmus
478 404 532 448 ad
565 404 878 463 componenda
901 405 945 447 in
985 405 1103 448 hunc
1144 420 1316 448 morem
1347 410 1549 464 poemata
1577 405 1763 449 descen-

237 477 354 520 disse
388 490 396 519 :
420 479 662 534 supersunt
682 475 803 518 enim
829 475 1034 534 sEscliyli
1057 476 1309 534 fragmenta
1345 477 1565 519 nonnulla
1599 478 1764 533 elegia-

237 562 363 599 rum,
399 550 641 605 supersunt
667 545 917 604 SoplioeliS‚
946 547 1171 605 Euripidis
1199 551 1236 589 et
1268 548 1513 590 multorum
1542 547 1763 599 aliorum;

236 618 312 662 sed
340 618 375 661 si
400 618 499 676 quis
531 617 713 676 paulum
742 617 883 659 musis
912 616 1116 659 excultus
1146 621 1239 659 erat
1275 621 1317 659 et
1351 617 1508 660 litteris
1547 617 1762 670 eruditus,

236 689 435 747 aliquam
464 688 540 731 otii
570 688 637 731 sui
670 691 842 746 partem
868 687 903 729 is
933 702 1025 730 non
1050 687 1280 730 dubitabat
1313 687 1562 731 scribendis
1593 687 1766 731 levibus

236 759 326 802 illis
353 758 583 818 opusculis
604 757 834 815 impertire
856 761 988 815 atque
1011 758 1127 800 inter
1148 774 1297 801 rerum
1322 759 1602 817 publicarum
1626 773 1765 815 nego-

236 831 296 874 tia
317 829 632 873 adolescentia}
655 827 909 871 studiorum
932 827 1156 871 interdum
1181 830 1457 871 meminisse.
1489 829 1560 872 Sic
1603 829 1768 888 Diony-

236 902 354 945 sium
377 900 610 951 Chalcum,
637 899 823 943 Periclis
850 899 1086 956 aqualem,
1120 900 1195 956 qui
1218 900 1410 942 'sinn-ios
1440 900 1664 942 coloniam
1696 899 1768 941 de-

236 972 423 1016 duxerat
452 970 730 1027 multamque
760 984 943 1028 operam
973 970 1018 1011 in
1049 969 1400 1013 Atheniensium
1435 985 1529 1013 rem
1557 985 1767 1013 numma-

235 1043 348 1086 riam
368 1040 666 1099 impenderat,
691 1040 915 1098 elegiacos
937 1041 1105 1083 scimus
1127 1056 1283 1083 versus
1308 1041 1630 1100 composuisse,
1656 1056 1768 1098 quo-

233 1127 334 1157 rum
356 1112 493 1155 etiam
514 1112 724 1155 nonnulli
747 1111 801 1154 ad
824 1126 908 1155 nos
928 1116 1247 1170 pervenerunt.
1268 1112 1384 1164 Quid
1408 1112 1460 1154 de
1489 1111 1768 1170 philosophis

234 1183 397 1235 dicam,
422 1182 705 1241 gravioribus
733 1180 856 1232 viris,
881 1197 1075 1241 quorum
1100 1182 1337 1225 traduntur
1367 1182 1569 1239 ejusdem
1591 1182 1769 1239 generis

235 1253 469 1298 carmina?
511 1252 629 1305 Quid
663 1254 913 1312 p1·a›„se1·tim
945 1253 997 1296 dc
1030 1254 1181 1306 Critia,
1207 1254 1281 1311 qui
1310 1258 1551 1311 antequam
1580 1252 1769 1296 avaritia

234 1327 278 1368 et
309 1323 575 1368 crudelitate
609 1324 785 1367 nomini
814 1340 894 1368 suo
922 1325 1119 1367 infamia}
1157 1328 1311 1367 notam
1344 1325 1557 1377 inureret,
1586 1323 1767 1382 elegan-

234 1395 437 1439 tissimus
463 1395 711 1454 elegiarum
734 1396 926 1454 scriptor
948 1395 1195 1439 habebatur
1220 1397 1258 1437 ¹?

295 1466 590 1509 Corroborato
620 1465 825 1509 nondum
860 1467 1058 1525 ingenio,
1090 1470 1132 1509 et
1162 1467 1412 1509 litterarum
1441 1481 1591 1509 amoro
1623 1466 1789 1524 magis,

235 1539 449 1582 incensus
477 1551 612 1594 quam
642 1536 866 1580 scribendi
894 1541 987 1580 arte
1010 1540 1184 1596 potens,
1210 1538 1307 1588 Ion,
1338 1541 1386 1579 ut
1409 1541 1767 1580 consentaneum

234 1609 651 1668 est‚epigrammata
675 1608 930 1665 elegiasque
952 1612 1055 1650 ante
1078 1608 1165 1651 alia
1185 1623 1423 1666 aggressus
1445 1608 1643 1659 estQua:
1661 1622 1766 1650 vero

232 1680 378 1739 prima
398 1678 737 1722 adolescentulo
759 1679 1179 1736 exciderunt,quam
1199 1678 1325 1721 rudia
1341 1682 1488 1721 essent
1515 1681 1647 1735 atque
1686 1678 1768 1720 im-

233 1749 444 1809 perfecta,
475 1764 528 1792 ex
558 1749 881 1808 epigrammate
911 1750 958 1792 in
981 1750 1181 1793 Cimonis
1203 1749 1421 1793 honorem
1449 1749 1698 1807 composito
1727 1751 1770 1791 et

233 1821 287 1864 ab
307 1820 523 1864 AEschine
552 1820 599 1862 in
627 1821 828 1863 oratione
856 1820 1071 1864 adversus
1096 1820 1434 1879 Ctesiphontem
1450 1819 1639 1865 laudato
1670 1834 1769 1878 pos-

233 1906 389 1935 sumus
410 1891 679 1949 intelligere,
710 1891 746 1933 si
775 1891 955 1949 quidem
979 1890 1096 1949 jure,
1120 1895 1168 1934 ut
1191 1891 1320 1934 nobis
1342 1890 1566 1938 videntur,
1591 1904 1616 1932 a
1637 1888 1766 1932 docto

232 1963 329 2007 viro
354 1963 453 2006 Ioni
475 1962 698 2022 adscripta
729 1966 834 2006 sunt
857 1962 935 2005 illa
963 1962 1165 2007 carmina
1186 1964 1215 2005 ².
1247 1962 1394 2015 Quam
1427 1960 1652 2005 scribendi
1673 1960 1767 2019 epi-

274 2142 302 2171 1.
324 2139 428 2173 Varia
446 2140 639 2172 multorum
660 2141 855 2182 fragmenta
873 2141 950 2173 vide
975 2141 1068 2183 apud
1084 2140 1286 2182 Bergkium,
1305 2139 1418 2181 Lyrici
1434 2139 1548 2181 qr'oeci,
1563 2139 1630 2171 vol.
1654 2138 1702 2178 113
1723 2140 1766 2171 cf.

233 2187 429 2229 praesertim
447 2197 524 2228 quaa
541 2188 755 2229 Zurborgius
775 2189 816 2220 de
837 2189 998 2229 elegiacis
1015 2188 1231 2220 carminibus
1246 2187 1428 2229 Sophoclis
1445 2189 1546 2219 aetate
1562 2187 1768 2229 compositis

235 2235 403 2267 disseruit
421 2234 573 2276 (Hermes
597 2236 636 2273 X,
654 2237 743 2273 1876,
766 2246 800 2277 p.
819 2237 876 2267 203
899 2237 990 2277 sqq.)

273 2285 303 2315 2.
327 2283 410 2321 Quae
431 2283 581 2323 conjecit
605 2283 787 2315 Kirchhoff
809 2285 974 2322 (Hermes,
998 2285 1086 2322 1871,
1109 2284 1147 2321 V,
1172 2293 1205 2325 p.
1235 2284 1274 2314 48
1305 2292 1381 2324 sqq.
1404 2283 1472 2313 Zur
1492 2282 1692 2314 Gesclzichte
1710 2282 1768 2313 (les

232 2331 404 2364 attischen
423 2331 659 2372 Epiqramms)
672 2340 742 2362 non
757 2331 958 2362 dubitamus
974 2334 1013 2363 ut
1026 2340 1107 2362 vera
1121 2331 1288 2371 recipere,
1310 2331 1429 2362 Ionem
1445 2330 1578 2361 scilieet
1595 2330 1769 2371 epigram-

232 2378 349 2415 matis,
371 2377 413 2408 de
428 2387 497 2418 quo
515 2377 704 2417 loquimur,
726 2379 905 2409 auctorem
921 2388 1008 2410 esse.
1026 2378 1124 2410 Docti
1145 2379 1209 2409 viri
1234 2380 1452 2419 argumenta,
1475 2387 1677 2418 quanquam
1696 2387 1767 2408 rem

232 2435 303 2458 non
323 2425 366 2456 ad
387 2427 521 2456 certum
539 2425 586 2456 ita
601 2425 789 2463 deducunt,
812 2427 849 2456 ut
874 2425 969 2457 nulla
987 2427 1058 2466 jam
1082 2425 1211 2457 exoriri
1232 2426 1344 2466 possit
1363 2425 1548 2462 dubitatio,
1573 2425 1770 2466 probabilia

232 2474 350 2504 tamen
371 2472 559 2503 admodum
589 2472 690 2503 nobis
714 2472 876 2504 videntur
896 2482 982 2504 esse.
1005 2473 1305 2513 Argumentorum
1333 2481 1470 2503 summa
1495 2472 1568 2503 haec
1590 2472 1661 2503 fere
1684 2474 1736 2503 est
1760 2483 1766 2503 :

233 2520 360 2551 Ionicae
383 2519 572 2550 verborum
595 2519 727 2557 formae,
750 2530 827 2560 quse
848 2520 883 2551 in
912 2520 1162 2561 epigrammate
1197 2519 1358 2560 plurimae
1380 2520 1562 2556 occurunt,
1583 2519 1625 2549 ab
1650 2520 1767 2551 lonico

234 2567 406 2608 scriptore
426 2568 539 2598 totum
562 2576 702 2598 carmen
723 2567 959 2608 compositum
978 2576 1053 2598 esse
1074 2567 1250 2598 evincunt.
1272 2567 1365 2597 inter
1387 2575 1427 2597 ea
1446 2575 1522 2606 quae
1543 2566 1656 2597 ionice
1675 2566 1768 2598 (licta

234 2616 317 2646 sunt
330 2615 366 2646 in
388 2615 542 2646 carmine
563 2615 758 2656 przesertim
779 2615 1127 2647 animadvertendum
1146 2616 1199 2646 est
1218 2614 1303 2645 illud
1324 2614 1423 2647 οὕτως
1438 2613 1527 2643 οὐδὲν
1546 2612 1658 2651 ἀεικές,
1674 2613 1766 2653 quod

234 2661 401 2703 loquendi
418 2671 528 2703 genus
547 2663 690 2694 omnino
712 2663 853 2694 Ionibus
870 2663 1054 2704 proprium
1073 2664 1135 2694 est.
1152 2680 1190 2685 —-
1211 2662 1353 2693 Minime
1371 2661 1500 2692 mirum
1517 2662 1570 2692 est
1590 2661 1767 2692 Cimonem

235 2709 279 2741 ad
305 2709 368 2741 hos
393 2710 598 2741 scribendos
618 2719 738 2741 versus
763 2710 870 2741 lonici
891 2713 1001 2752 poetae
1022 2719 1130 2751 opera
1144 2718 1246 2741 usum
1271 2718 1357 2740 esse.
1384 2709 1552 2749 Namque,
1575 2709 1614 2739 ut
1638 2708 1673 2738 in
1697 2709 1766 2738 tra-

235 2756 351 2797 goedia
375 2758 409 2788 et
422 2756 542 2796 lyricis
571 2758 785 2789 carminibus
806 2757 903 2789 attici
930 2757 1155 2795 excellebant,
1171 2758 1219 2789 ita
1235 2757 1271 2788 in
1293 2756 1603 2798 epigrammatibus
1624 2764 1766 2796 compo—

236 2803 361 2836 nendis
388 2806 610 2836 externarum
639 2805 821 2846 regionum
848 2806 1044 2847 praesertim
1076 2808 1187 2847 poetae
1221 2806 1459 2837 innotuerant.
1487 2823 1525 2826 —
1544 2803 1766 2845 Epigramma

237 2849 390 2882 scribere
415 2851 612 2883 Simonides
631 2853 705 2883 tum
727 2861 797 2884 non
823 2853 948 2893 potuit.
977 2871 1015 2875 —
1034 2853 1192 2884 Juvenile
1217 2852 1383 2894 quiddam
1409 2854 1513 2892 atque
1539 2852 1766 2882 immaturum

239 2905 359 2930 versus
374 2898 543 2930 redolent.
563 2917 602 2922 -
621 2899 744 2930 Nullus
760 2901 811 2931 est
830 2902 932 2942 poeta
950 2900 992 2932 ad
1009 2909 1113 2942 quem
1129 2900 1252 2933 melius
1271 2900 1393 2932 referri
1408 2899 1521 2941 possit
1539 2899 1764 2941 epigramma,
