2125 3534
889 248 1118 290 -37-

241 371 438 416 quocum
465 358 504 401 ei
526 357 579 401 de
607 372 785 402 summa
813 373 965 402 rerum
986 359 1293 403 dimicandum
1312 363 1449 412 esset;
1474 375 1618 419 neque
1641 365 1764 421 pote-

238 432 307 471 rat
332 427 413 472 Ion
438 443 542 472 cum
563 429 761 488 olympio
784 429 1038 488 invictoque
1058 431 1152 473 viro
1175 435 1402 474 certamen
1425 431 1690 482 instaurare,
1715 434 1762 476 in

237 513 325 557 quo
351 514 467 543 vana
493 503 537 543 et
562 501 659 543 sinc
684 500 776 544 ictu
802 501 955 543 omnia
981 501 1247 544 cecidissent
1267 516 1362 559 qua¹
1392 502 1437 544 in
1470 502 1643 546 hostem
1675 504 1761 547 tela

237 569 511 614 detorsisset.

294 640 586 686 Potissimum
623 641 761 702 igitur
801 642 980 686 credam
1014 643 1277 701 Omplealam
1324 647 1470 687 aetam
1515 659 1610 686 esse
1643 644 1759 687 circa

235 726 407 756 annum
430 715 527 763 444,
552 728 638 772 quo
666 717 865 772 tempore
887 714 1082 756 maxime
1106 714 1425 757 desei-buerunt
1449 715 1640 773 partium
1665 715 1754 758 irae.

234 783 348 827 Tum
395 783 538 836 enim,
579 798 681 827 cum
727 784 884 827 civitas
931 784 1048 827 inter
1093 785 1311 828 Periclem
1360 785 1758 844 'l'hucydidemque

233 855 430 900 haerebat
451 857 636 908 incerta,
660 856 747 899 utri
773 871 922 900 rerum
947 872 1131 900 suarum
1153 871 1377 900 summam
1406 857 1695 915 permitteret,
1718 861 1760 899 et

232 927 524 985 optimatibus
550 927 700 985 aliqua
721 927 918 971 victoria»,
946 943 1046 987 spes
1068 932 1313 987 supererat,
1344 932 1390 970 ut
1414 928 1497 986 ipsi
1529 927 1756 981 rebantur,

232 1000 344 1052 tum,
368 998 568 1056 inquam,
594 1002 767 1056 poterat
787 998 883 1051 Ion,
906 1013 1010 1043 cum
1037 999 1316 1057 gravioribus
1345 999 1482 1041 armis
1504 999 1567 1042 uti
1599 1000 1638 1041 ei
1666 1014 1757 1042 non

230 1067 399 1122 liceret,
421 1069 642 1112 comicam
662 1069 771 1122 vim,
796 1070 832 1112 si
860 1085 995 1128 quam
1016 1070 1221 1123 habebat,
1246 1071 1291 1112 in
1310 1070 1549 1113 utilitatem
1572 1085 1756 1113 suorum

230 1139 459 1183 conferre:
494 1143 591 1182 tum
621 1144 876 1198 opportuna
904 1141 1045 1184 videri
1080 1145 1252 1199 poterat
1281 1140 1430 1183 fabula
1465 1156 1561 1198 quse
1593 1141 1755 1199 populo

230 1209 525 1253 deridendum
553 1210 747 1254 traderet
767 1211 1041 1271 Thucydidis
1059 1211 1273 1255 {emulum
1296 1215 1425 1269 atque
1448 1210 1544 1269 ejus
1562 1211 1757 1255 auctori-

228 1283 365 1324 tatem
387 1281 468 1324 sub
490 1285 793 1340 spectatorum
819 1283 961 1327 oculis
983 1286 1261 1326 extenuaret.

284 1351 404 1395 Num
430 1366 536 1395 vero
567 1352 747 1396 nullum
778 1354 824 1396 in
851 1355 958 1412 ipsis
985 1353 1212 1412 Omphalae
1241 1353 1505 1412 fragmentis
1537 1352 1755 1396 indicium

227 1424 413 1482 reperiri
440 1428 599 1482 potest,
625 1440 678 1467 ex
698 1440 786 1483 quo
806 1425 967 1468 sabulae
997 1428 1173 1468 aetatem
1201 1425 1330 1468 nobis
1352 1425 1483 1468 liceat
1504 1423 1756 1481 conjicere?

225 1495 305 1538 Est
330 1494 512 1552 quidem
539 1510 682 1538 unum
711 1495 951 1553 quoddam,
976 1495 1179 1553 dignum,
1209 1499 1259 1538 ut
1288 1495 1398 1538 mihi
1421 1495 1612 1547 videtur,
1637 1494 1756 1553 quod
1800 1499 1806 1509 '

227 1566 512 1609 examinetur
563 1566 838 1625 diligentius.
887 1566 1157 1609 Notissimus
1206 1570 1271 1609 est
1315 1566 1526 1609 omnibus
1572 1565 1757 1608 Periclis

225 1637 351 1681 locus
380 1638 389 1663 ¹
423 1637 471 1680 in
503 1653 591 1696 quo
622 1637 908 1689 Plutarchus,
938 1642 1173 1696 postquam
1201 1637 1253 1680 de
1284 1637 1417 1680 rebus
1444 1637 1490 1679 in
1524 1636 1702 1679 civitate
1730 1651 1756 1679 a

225 1707 399 1751 Pericle
428 1712 471 1751 et
499 1708 707 1767 Ephialta
728 1709 902 1752 novatis
925 1708 1148 1761 disseruit,
1179 1708 1506 1751 Atheniensem
1533 1708 1753 1766 populum

225 1778 425 1838 depingit
442 1794 566 1823 mero
589 1779 805 1823 libertatis
825 1780 930 1823 vino
953 1780 1142 1830 ebrium,
1167 1779 1286 1837 quod
1307 1779 1480 1823 civibus
1502 1779 1567 1821 illi
1586 1779 1753 1837 largius

224 1850 487 1904 effuderant,
513 1854 557 1894 et
582 1851 683 1910 equi
710 1851 865 1904 instar,
890 1850 1040 1894 frenos
1060 1849 1155 1908 jam
1176 1850 1408 1894 nolentem
1429 1850 1626 1909 recipcre
1653 1863 1662 1893 ε

365 1980 610 2027 Superbiens,
629 1981 784 2017 obedire
807 1993 884 2017 non
905 1981 1020 2016 audet
1037 1980 1215 2027 amplius,

366 2041 434 2077 sed
453 2041 605 2076 mordet
622 2041 802 2076 Euboeam
823 2044 861 2076 et
880 2040 927 2076 ad
948 2040 1093 2076 insulas
1114 2040 1240 2075 assilit
1257 2039 1318 2086 (2).

219 2178 285 2222 Ea
314 2178 475 2223 comici
504 2178 658 2222 nescio
692 2177 821 2235 cujus
854 2180 995 2236 poetae
1028 2177 1163 2221 verba
1197 2180 1316 2229 sunt,
1351 2175 1513 2219 Pericli
1548 2174 1751 2219 infensos

222 2250 398 2294 animos
424 2249 635 2309 gerentis,
662 2252 705 2292 et
732 2249 814 2292 sub
844 2248 1093 2307 perspicuis
1122 2247 1387 2306 ambagibus
1419 2246 1751 2305 expeditionem

222 2322 535 2381 significantis,
551 2336 686 2379 quam
700 2320 895 2364 Pericles
911 2320 1126 2363 adversus
1153 2319 1350 2362 insulam
1375 2318 1514 2370 duxit,
1535 2317 1602 2361 Ol.
1621 2318 1690 2369 83,
1706 2318 1747 2369 3,

220 2408 340 2437 anno
370 2396 473 2436 ante
498 2392 577 2436 Ch.
603 2407 647 2435 n.
674 2393 771 2436 446.
805 2392 851 2436 Si
880 2396 1031 2435 autem
1061 2390 1288 2450 Omphalae
1318 2390 1571 2448 fragmenta
1602 2388 1748 2431 revol-

221 2465 364 2517 veris,
400 2464 454 2508 ab
497 2463 606 2508 Ione
639 2464 774 2507 etiam
812 2464 962 2522 aliqua
1001 2478 1097 2506 esse
1132 2462 1248 2506 dicta
1276 2462 1480 2505 invenies
1516 2460 1568 2503 de
1602 2459 1752 2502 insula

220 2535 406 2589 Euboea,
430 2534 562 2594 cujus
587 2535 843 2579 naturalem
870 2535 1007 2579 situm
1034 2535 1094 2578 ita
1115 2533 1367 2595 exponebat
1391 2546 1400 2575 ;

262 2726 291 2757 1,
316 2723 504 2763 Plutarch„
524 2724 683 2762 Pericles,
709 2724 798 2757 V:11
824 2724 1049 2778 &upa-eov'tok
1066 2724 1217 2759 πολίταις
1239 2724 1377 2765 ἐλευθερί
1382 2723 1465 2754 mio
1468 2723 1607 2764 νοχοῶν,
1626 2721 1677 2763 ὑφ’
1701 2732 1738 2758 τς

222 2771 329 2813 ὥσπερ
361 2771 475 2807 ἵππον,
506 2783 536 2809 ες
522 2771 609 2812 10694
602 2782 714 2802 'wa-n
748 2773 802 2802 τὸι
830 2771 869 2810 ὅτ
873 2782 931 2812 μον
955 2771 985 2802 0'.
1013 2772 1242 2813 mamone).
1269 2771 1400 2813 λέγουσι
1426 2771 1612 2812 πειθαρχεῖν
1641 2751 1750 2801 obus-»i

223 2818 359 2859 τολμᾶν,
378 2817 465 2849 ἀλλὰ
485 2818 578 2849 &ime
583 2830 608 2849 ’,ν
630 2830 687 2857 ττι
708 2819 801 2850 Εὕὸοι
806 2830 841 2849 aa
861 2820 917 2849 καὶ
936 2820 1004 2854 ταῖς
1025 2820 1134 2858 νήσοις
1148 2819 1198 2850 ἐτ-
1179 2819 1323 2858 ,.πτ,δᾶν.

262 2867 292 2899 2.
314 2866 366 2899 Ita
382 2875 506 2899 versus
525 2867 680 2899 restituit
699 2866 870 2906 Meineke,
895 2868 987 2904 Poet
1004 2867 1119 2899 comic.
1143 2876 1242 2907 qroec
1258 2869 1399 2908 fr.‚c19m
1418 2865 1532 2904 Didot,
1554 2875 1586 2907 p.
1608 2865 1676 2897 751.
