2125 3534
317 391 555 438 ὑπομνήματα
575 380 783 432 scribere,
816 379 862 422 ni
890 379 1083 438 plurima
1114 380 1359 433 habuisset,
1393 394 1490 437 quae
1523 377 1832 421 meminisset?

316 453 399 506 Qui
426 467 531 496 vero
552 451 848 502 meminisset,
878 450 923 492 ni
950 451 1073 509 prius
1095 451 1344 494 multorum
1366 449 1603 492 hominum
1625 463 1772 492 mores
1793 451 1836 491 et

313 524 445 567 urbes
466 523 721 566 invisisset?
741 521 839 563 Non
860 520 931 564 hic
953 521 1307 564 adolescentium
1329 536 1426 563 mos
1448 523 1527 571 est,
1553 523 1675 578 gesta
1696 519 1835 578 scrip-

315 595 426 638 turis
453 608 649 644 exarare,
675 591 749 635 sed
771 595 897 635 aetate
925 592 1111 650 proclivi
1131 591 1225 650 jam
1245 591 1534 635 moerentium
1551 594 1593 634 et
1614 590 1666 633 de
1693 593 1838 649 poste-

315 666 377 708 ris
393 664 488 723 jam
511 663 822 722 cogitantium.
841 663 915 715 At,
934 678 989 705 ne
1006 663 1171 706 diutius
1187 663 1370 706 incertis
1392 663 1703 714 immoremur,
1723 675 1838 719 quae-

315 737 417 780 dam
440 740 543 779 sunt
569 736 615 778 in
637 740 863 789 Ἐπιδημίαις
889 749 985 792 quae
1007 750 1097 777 non
1130 735 1217 777 nisi
1248 738 1348 793 post
1376 733 1635 776 Samiorum
1667 732 1838 775 bellum

314 808 488 850 narrari
506 810 762 865 potuerunt,
784 805 828 848 id
847 809 913 848 est
928 809 1026 864 post
1046 807 1127 850 439
1150 809 1253 848 ante
1273 805 1351 849 Ch.
1371 820 1415 847 n.
1442 805 1469 847 ¹.
1491 803 1631 846 Multa
1649 805 1839 861 possunt

318 878 417 921 Chii
453 878 505 921 ab
538 877 645 920 Ione
667 877 831 936 scripta
858 892 968 929 esse,
991 876 1084 919 sive
1106 891 1209 920 cum
1240 876 1468 919 interdum
1491 875 1682 934 patriam
1711 887 1839 917 suam

318 949 485 1001 revisit,
523 948 615 992 sive
654 963 731 1006 per
769 963 844 991 cos
883 963 1026 990 annos
1065 947 1140 1005 qui
1179 946 1469 1006 Thucydidis,
1511 945 1704 989 Melesiae
1739 943 1834 996 filii,

320 1020 527 1063 exsilium
555 1020 696 1063 secuti
736 1023 854 1062 sunt.
887 1019 1107 1061 Solatium
1129 1018 1213 1061 hoc
1241 1018 1323 1061 sibi
1357 1017 1547 1069 invonit,
1579 1017 1755 1075 opinor,
1779 1017 1845 1058 tot

319 1091 604 1142 amissarum,
634 1090 795 1148 quibus
822 1089 941 1148 apud
973 1089 1275 1131 Athenienses
1310 1088 1397 1132 frui
1432 1088 1589 1131 solitus
1617 1090 1726 1139 erat,
1757 1085 1843 1129 ele-

323 1162 595 1220 gantiarum,
614 1161 873 1219 interruptae
889 1163 953 1203 tot
971 1160 1253 1218 egregiorum
1272 1160 1473 1203 virorum
1487 1156 1841 1210 consuetudinis,

324 1236 499 1292 ereptae,
524 1247 660 1290 quam
699 1231 857 1275 studiis
886 1231 979 1273 suis
1017 1230 1213 1273 debitam
1258 1246 1353 1274 esse
1395 1230 1591 1283 rebatur,
1618 1228 1765 1272 laudis
1803 1230 1847 1271 et

325 1304 494 1362 gloriae.

380 1375 495 1418 Cave
513 1377 663 1417 autem
685 1388 741 1416 ne
762 1376 990 1416 auctorem
1011 1375 1232 1425 nostrum,
1251 1372 1344 1415 sive
1367 1387 1470 1415 cum
1492 1370 1734 1423 Herodoto,
1753 1370 1847 1414 sive

321 1461 425 1490 cum
442 1444 701 1504 Thucydide
722 1444 942 1496 conferas,
972 1443 1168 1487 historiae
1189 1443 1455 1495 luminibus,
1479 1458 1591 1486 neve
1613 1442 1749 1485 nimis
1775 1457 1847 1484 as—

320 1533 423 1577 pere
451 1517 503 1559 de
531 1515 627 1574 ejus
648 1515 761 1559 libro
785 1515 960 1573 judices
981 1516 1009 1557 ².
1042 1514 1123 1558 Ion
1152 1515 1273 1558 enim
1303 1530 1396 1557 non
1425 1514 1507 1557 sibi
1540 1513 1775 1573 proposuit
1799 1516 1849 1556 ut

320 1593 507 1632 {eternas
528 1601 678 1630 rerum
697 1586 1002 1629 humanarum
1018 1586 1138 1629 vices
1160 1585 1436 1644 depingeret,
1455 1589 1531 1629 aut
1550 1588 1670 1628 certo
1691 1584 1848 1628 ordine

322 1660 556 1704 civitatum
578 1673 707 1701 casus
729 1661 772 1701 et
792 1660 961 1701 secreta
982 1657 1229 1700 illustrium
1244 1657 1445 1699 virorum
1462 1656 1651 1700 consilia
1674 1655 1849 1714 detege-

323 1734 402 1774 ret.
421 1730 559 1773 Multo
575 1729 752 1772 minora
773 1732 816 1772 et
831 1728 999 1772 viribus
1022 1728 1113 1771 suis
1128 1728 1272 1786 magis
1287 1743 1429 1786 aequa,
1447 1731 1495 1771 ut
1515 1742 1568 1770 ex
1586 1726 1850 1786 fragmentis

321 1801 611 1860 perspicuum
644 1804 724 1853 est,
759 1803 913 1843 noster
945 1802 1207 1842 tentaverat.
1241 1799 1453 1857 Singulas
1489 1814 1563 1841 eas
1596 1802 1639 1842 et
1671 1797 1850 1840 minimi

321 1872 539 1915 momenti
569 1886 654 1924 res,
680 1886 790 1929 quas
818 1871 1078 1929 graviorum
1112 1870 1402 1913 historiarum
1433 1870 1672 1928 scriptores
1704 1868 1850 1927 negli-

323 1947 434 2002 gunt
455 1946 495 1985 et
517 1943 613 2001 ipso
642 1957 793 1985 rerum
816 1956 950 1985 cursu
971 1941 1085 2000 rapti
1110 1956 1131 1984 e
1153 1941 1337 1984 sublimi
1359 1941 1457 1984 loco
1478 1941 1553 1984 vix
1573 1940 1847 1999 adspiciunt,

323 2018 490 2058 attente
517 2013 598 2056 Ion
629 2013 978 2072 persequebatur
999 2016 1042 2056 et
1067 2012 1244 2071 scriptis
1266 2012 1358 2056 suis
1390 2011 1634 2055 mandabat
1660 2011 1852 2070 diligen-

323 2090 403 2129 ter.
441 2086 553 2129 Cum
589 2084 793 2143 publicos
829 2084 1029 2127 virorum
1065 2084 1311 2127 illustrium
1339 2098 1486 2127 mores
1522 2082 1774 2126 Herodotus
1810 2084 1853 2125 et

323 2154 604 2214 Thucydides
627 2154 930 2207 ostenderent,
952 2154 1171 2212 privatam
1199 2153 1439 2197 hominum
1468 2153 1669 2197 indolem
1698 2152 1774 2195 ille
1801 2152 1853 2194 li-

324 2227 503 2270 bentius
541 2225 833 2275 memorabat,
878 2229 920 2267 et
958 2225 1274 2268 humaniorem
1313 2225 1561 2283 imaginem
1606 2223 1854 2267 historiolis

329 2298 420 2341 suis
453 2296 505 2340 de
539 2295 918 2354 quotidiana‘vita
951 2296 1140 2354 sumptis
1174 2295 1465 2339 describebat.
1500 2294 1572 2337 Sic
1599 2294 1718 2353 apud
1750 2308 1853 2338 eum

330 2369 581 2420 Cimonem,
606 2371 654 2410 ut
679 2366 884 2425 exemplo
911 2370 1024 2419 utar,
1050 2381 1142 2409 non
1160 2365 1256 2424 jam
1282 2366 1501 2410 classibus
1522 2366 1785 2424 praefectum
1813 2368 1856 2408 et

330 2439 677 2483 Atheniensium
699 2438 930 2497 potestatis
949 2437 1166 2480 terminos
1187 2437 1386 2481 victoriis
1410 2437 1502 2480 suis
1529 2440 1854 2496 propagantem

330 2510 564 2562 habemus,
590 2508 666 2552 sed
684 2509 889 2552 videmus
911 2512 953 2551 et
970 2508 1177 2552 audimus
1199 2508 1316 2551 inter
1337 2508 1506 2551 amicos
1528 2507 1681 2551 laetum
1703 2507 1856 2551 convi-

330 2595 433 2625 vam
461 2583 669 2639 agentem
697 2583 739 2623 et
770 2579 988 2624 comitum
1021 2579 1136 2623 risus
1167 2579 1485 2632 excutientem,
1517 2579 1678 2637 quibus
1706 2577 1855 2638 lapide

376 2738 611 2771 1.H·1st0riola
637 2738 677 2770 de
704 2738 874 2770 amatoria
904 2736 1084 2779 Sophoclis
1115 2737 1233 2770 indole
1263 2738 1475 2779 (Athenaeus,
1497 2738 1584 2775 XIII,
1605 2748 1637 2780 p.
1663 2739 1733 2777 603,
1758 2729 1791 2780 e)
1823 2738 1857 2770 et

337 2788 476 2821 Periclis
495 2787 626 2818 dictum
643 2786 683 2818 de
698 2786 895 2817 Samiorum
916 2785 1006 2817 bello
1021 2795 1039 2817 a
1061 2795 1095 2816 se
1116 2786 1285 2818 confecto.
1303 2786 1504 2825 (Plutarch,
1520 2785 1676 2824 Pericles,
1695 2785 1856 2826 XXVIII.)

376 2838 404 2867 2.
425 2835 523 2873 Quod
541 2834 664 2865 fecisse
684 2834 769 2865 mihi
793 2834 957 2865 videntur
973 2833 1127 2865 Roscher
1142 2833 1274 2873 (Leben,
1298 2833 1398 2865 Werlc
1418 2834 1489 2865 und
1508 2833 1673 2865 Zeitalter
1688 2834 1747 2866 des
1770 2832 1858 2865 leu-

341 2882 490 2925 heydides,
514 2892 546 2924 p.
571 2883 626 2913 291
652 2882 742 2923 sqq.)
761 2883 794 2914 et
812 2881 954 2923 Koepke
976 2880 1034 2920 (de
1053 2880 1333 2922 Hyponmemcztis
1355 2881 1491 2920 Graecis,
1515 2881 1558 2921 II,
1572 2891 1605 2923 p.
1631 2881 1672 2921 8).
