2125 3534
923 299 1149 340 -71—

279 409 331 445 ibi
366 418 454 444 cum
483 408 654 455 nympha
673 407 836 454 quadam
870 408 1069 453 habuisse;
1103 410 1226 445 nivem
1252 411 1378 444 autem
1409 407 1530 455 (χιόνι)
1556 405 1792 453 parturiente

280 468 451 514 nympha
470 478 488 502 e
510 467 604 502 coelo
620 468 658 502 in
682 470 820 502 terram
843 468 1038 511 cecidisse,
1061 472 1173 513 atque
1196 469 1283 503 inde
1303 469 1521 513 Neptunum
1545 466 1621 500 tilio
1643 476 1709 501 suo
1730 475 1793 500 no-

280 538 370 562 men
400 526 584 562 indidisse
605 527 739 561 Chium
762 526 862 572 (Χῖον)
885 528 894 552 ¹
913 538 920 569 ;
944 527 1122 562 eumdem
1149 528 1260 562 deum
1283 537 1415 562 rursus
1435 536 1521 560 cum
1543 525 1662 560 altera
1689 535 1795 569 nym-

279 586 356 632 pha
376 585 628 621 concubuisse
650 587 688 619 et
707 587 816 620 natos
837 596 918 619 esse
949 585 1003 619 illi
1029 597 1166 631 pueros
1190 586 1345 628 Aga-lum
1368 588 1405 619 et
1427 584 1623 618 Melanein.
1645 603 1688 608 —
1708 584 1795 617 Pos-

278 647 339 679 tea
359 654 446 679 vero
470 644 731 690 OEnopionem
761 644 895 678 Chium
917 644 1110 689 appulisse
1138 656 1156 679 e
1187 647 1295 679 Creta
1323 644 1554 685 venientem,
1584 641 1796 676 comitanti-

277 701 348 738 bus
381 702 470 737 liliis
504 703 605 746 Talo,
642 702 821 745 Evanthe,
858 703 1015 746 Melane,
1053 703 1183 745 Salas-'o
1212 707 1248 737 ot
1270 704 1496 738 Athamante
1530 700 1725 747 (Staphylo
1759 702 1796 734 et

278 762 446 797 Thoante
456 761 485 808 ⁵2)
507 783 550 787 —-
572 762 818 797 Advencrunt
838 762 953 797 etiam
971 762 1006 796 in
1029 762 1194 797 insulani
1215 764 1338 806 Cares,
1360 761 1579 806 OEnopione
1602 761 1792 804 regnante,

278 823 315 856 et
334 820 501 856 Abantes
523 832 566 855 ex
589 821 739 856 Euboea.
762 821 898 856 Postea
927 832 1014 856 vero
1035 821 1244 866 OEnopioni
1274 824 1309 855 et
1339 821 1422 866 ejus
1453 820 1542 854 tiliis
1573 820 1608 853 in
1638 828 1794 860 regnum

278 880 461 915 successit
481 879 718 925 Amphiclus.
742 879 958 914 Advenerat
977 883 1104 914 autem
1128 880 1351 925 Ainphiclus
1369 880 1531 922 llistisra,
1556 889 1599 912 ex
1619 877 1712 912 urbe
1729 877 1798 911 Eu-

277 938 382 983 boeze,
406 937 606 973 oraculum
629 938 801 984 Delphici
825 938 1042 985 (Apollinis)
1066 942 1230 974 secutus.
1259 960 1301 964 —
1335 940 1470 973 llevtor
1495 940 1635 977 autem,
1664 938 1799 981 quarta

278 999 364 1044 post
384 997 628 1042 Amphiclum
644 1000 755 1032 [etate
777 997 950 1044 (regnum
972 998 1074 1032 enim
1096 1001 1133 1031 et
1154 999 1289 1032 Hector
1309 996 1500 1042 obtinuit),
1520 996 1661 1030 bellum
1682 994 1799 1037 gessit

279 1056 461 1092 adversus
481 1056 649 1091 Abantes
670 1059 709 1090 et
728 1056 840 1091 Cares
861 1057 926 1101 qui
948 1056 1111 1091 insulam
1136 1057 1354 1091 incolebant
1376 1068 1382 1090 2
1406 1066 1568 1101 quorum
1598 1054 1739 1089 alteros
1761 1053 1799 1087 in

281 1114 361 1149 acie
382 1113 540 1156 occidit;
558 1113 699 1148 alteros
720 1114 840 1159 pactis
862 1114 1026 1148 induciis
1057 1115 1161 1149 abire
1183 1115 1315 1156 coegit.
1334 1113 1561 1159 Compositis
1582 1122 1668 1147 vero
1693 1111 1799 1146 Chio-

281 1181 367 1206 rum
388 1171 514 1215 rebus,
540 1174 619 1206 tum
642 1172 793 1206 Hectori
814 1172 852 1206 in
873 1172 1099 1207 memoriam
1121 1172 1234 1206 rediit
1255 1183 1276 1205 a
1296 1172 1373 1206 suis
1395 1175 1431 1206 et
1451 1171 1495 1205 ab
1518 1169 1670 1205 Ionibus
1691 1179 1801 1215 opor-

281 1232 362 1265 tere
383 1240 589 1265 commune
613 1230 693 1264 fieri
716 1240 868 1265 sacrum
899 1231 936 1265 in
961 1231 1139 1265 universo
1170 1232 1304 1265 Ionum
1330 1231 1536 1272 conventu;
1560 1227 1708 1263 Hectori
1737 1236 1801 1261 au-

281 1290 359 1324 tem
382 1288 571 1334 tripodem
594 1289 744 1324 virtutis
766 1289 969 1335 praemium
991 1300 1012 1324 a
1038 1292 1226 1325 conventu
1253 1290 1351 1323 dono
1374 1289 1503 1323 datum
1530 1298 1625 1323 esse.
1648 1287 1732 1321 Haec
1753 1285 1799 1320 de

279 1347 382 1383 Chiis
403 1348 535 1382 Ionem
557 1347 698 1382 dixisse
719 1348 864 1394 reperi;
887 1351 1057 1383 attamen
1086 1359 1161 1383 non
1184 1348 1316 1383 retulit
1339 1358 1414 1393 qua
1439 1347 1483 1382 de
1506 1356 1620 1382 causa
1639 1356 1724 1380 cum
1746 1345 1800 1379 Io-

279 1406 393 1442 nibus
414 1406 496 1441 Chii
517 1409 781 1441 censerentur.
804 1421 820 1437 »

336 1499 435 1542 Non
451 1499 649 1557 genuina
665 1498 845 1556 quidem
866 1499 935 1543 hic
958 1499 1174 1543 habemus
1191 1500 1312 1543 Ionis
1331 1499 1464 1542 verba
1479 1502 1521 1541 et
1539 1498 1585 1540 in
1602 1497 1684 1540 hoc
1702 1494 1810 1539 loco'

277 1570 568 1614 manifestum
596 1573 663 1612 est
695 1569 968 1612 Pausaniam
996 1570 1110 1612 nihil
1143 1571 1229 1612 nisi
1259 1584 1436 1613 summa
1469 1569 1614 1627 capita
1651 1582 1703 1610 ex
1735 1566 1802 1609 Io-

278 1640 348 1683 nis
370 1639 484 1683 libro
500 1638 752 1682 enotavisse
774 1640 802 1682 ².
825 1639 933 1691 Qua}
951 1639 1023 1682 hic
1043 1640 1232 1683 strictim
1248 1642 1570 1690 memorantur,
1590 1637 1801 1696 pleraque

278 1714 433 1754 noster
452 1709 656 1768 pluribus
684 1709 831 1753 verbis
862 1710 1137 1768 explicuerat
1162 1724 1170 1752 :
1198 1710 1316 1767 quod
1337 1708 1567 1752 Plutarchi
1593 1707 1800 1750 testimo-

278 1781 354 1825 nio
394 1780 528 1823 etiam
573 1779 879 1823 confirmatur.
919 1780 1031 1823 Cum
1069 1780 1313 1838 OEnopioni
1352 1780 1433 1822 Ion
1471 1782 1643 1838 patrem
1685 1777 1800 1819 The-

279 1866 407 1895 seum
434 1850 758 1894 Atheniensem
780 1851 917 1893 fuisse
936 1850 1041 1894 alibi
1061 1851 1311 1910 scripsisset
1331 1852 1360 1903 3,
1393 1865 1469 1909 pro
1489 1852 1610 1893 certo
1640 1848 1802 1891 habere

280 1937 519 1982 possumus
536 1936 640 1965 eum
661 1922 707 1965 in
725 1929 839 1964 Κτίσει
861 1922 1119 1980 exposuisse
1141 1921 1364 1979 quomodo
1386 1921 1433 1963 in
1457 1920 1584 1964 Creta
1604 1919 1801 1962 Theseus

281 1994 402 2037 hunc
422 1992 566 2035 filium
583 2007 648 2042 ¹ex
667 1991 868 2035 Ariadna
895 1993 1137 2051 genuisset.
1164 1993 1227 2035 De
1250 1991 1501 2051 OEnopionc
1529 1991 1626 2049 ipso
1662 1989 1804 2032 multa

280 2063 445 2107 dixisse
464 2078 567 2106 eum
585 2062 776 2116 confido,
795 2078 940 2121 neque
961 2063 1166 2106 omisisse
1188 2077 1287 2121 quae
1307 2062 1360 2105 de
1382 2063 1517 2105 heroe
1545 2060 1805 2104 ferebantur

280 2134 574 2178 colendarum
592 2133 753 2176 vitium
769 2134 875 2176 artis
897 2134 1147 2186 inventore,
1170 2148 1258 2191 qua
1273 2131 1402 2176 laude
1425 2132 1620 2174 maxime
1639 2130 1804 2188 gloria-

281 2205 412 2250 batur
432 2204 628 2248 auctoris
652 2205 807 2263 patria.
833 2204 901 2247 Ad
936 2220 987 2248 ea
1016 2204 1135 2247 haud
1163 2204 1296 2247 dubie
1323 2202 1595 2247 accedebant
1622 2215 1719 2260 quae
1751 2199 1804 2244 de

284 2276 466 2328 Orione,
486 2275 753 2334 OEnopionis
774 2275 942 2334 perfido
964 2275 1153 2334 hospite,
1175 2274 1466 2318 tradebantur
1484 2274 1513 2316 4.

323 2431 351 2461 1.
374 2428 420 2461 Cf.
443 2427 592 2460 Hecataei
608 2428 729 2470 fragm.
745 2429 783 2459 99
799 2438 805 2458 :
820 2428 892 2462 Χῖος
913 2427 977 2458 ἀπὸ
992 2427 1066 2458 Χίου
1087 2429 1142 2467 τῆς
1157 2428 1325 2464 Ὠκεανοῦ,
1340 2427 1362 2466 ἦ
1384 2427 1447 2458 ἀπὸ
1468 2427 1524 2465 τῆς
1538 2426 1647 2468 χιόνος
1666 2425 1721 2463 τῆς
1741 2424 1809 2455 ἐκεῖ

282 2476 472 2518 γιγνομένης
493 2475 634 2514 πολλῆς,
657 2475 678 2513 ἢ
701 2475 762 2506 ἀπὸ
786 2475 910 2516 νύμφης
925 2477 981 2513 τῆς
995 2475 1115 2509 Χιόνος.

320 2525 351 2556 2.
367 2524 478 2562 Quam
491 2532 565 2555 rem
576 2524 649 2564 jam
663 2523 959 2555 animadverterat
972 2523 1004 2555 C.
1017 2523 1172 2561 Mueller,
1182 2523 1318 2564 Fraqm.
1333 2522 1496 2554 llistoric.
1508 2531 1619 2564 9roec.,
1638 2520 1754 2559 Didot,
1766 2520 1806 2559 II,

282 2581 305 2613 p
322 2619 351 2650 3.
362 2616 577 2650 Plutarchus.
599 2617 752 2654 Theseus,
773 2627 800 2648 c.
818 2626 864 2649 xx
879 2627 885 2648 :
906 2616 1004 2648 Ἔνιοι
1020 2616 1051 2647 δὲ
1067 2618 1121 2647 καὶ
1140 2617 1242 2647 τεκεῖν
1257 2616 1293 2647 ἐκ.
1310 2617 1436 2655 Θησέως
1448 2615 1610 2657 Ἀριάδνην
1626 2614 1808 2646 Οἰνοπίωνα

282 2666 337 2697 καὶ
359 2664 540 2706 Στάφυλον,
563 2663 604 2694 ὧν
622 2665 677 2694 καὶ
697 2663 713 2695 ὁ
736 2665 808 2698 Χῖος
824 2663 891 2695 Ἴων
913 2664 991 2702 ἐστὶ,
1017 2665 1089 2706 περὶ
1109 2665 1164 2702 τῆς
1186 2663 1300 2694 ἑαυτοῦ
1329 2663 1480 2705 πατρίδος
1499 2663 1601 2704 λέγων
1622 2673 1628 2680 ·
1649 2662 1705 2701 τήν
1726 2672 1807 2694 ποτε

284 2713 442 2753 Θησεΐδης
461 2713 586 2744 ἔκτισεν
607 2711 776 2743 Οἰνοπίων.

324 2764 354 2793 4.
373 2761 620 2804 Apollodorus,
641 2759 814 2796 Bibliolh„
838 2759 862 2797 I,
879 2761 909 2798 4,
931 2761 959 2791 3.
982 2759 1065 2791 Vide
1094 2759 1177 2800 quid
1203 2759 1245 2791 de
1266 2758 1465 2800 OEnopione
1493 2758 1587 2790 dicat
1604 2757 1806 2795 Decharme,

285 2808 495 2850 Mytholoqie
514 2809 556 2840 de
577 2809 611 2840 ια
626 2807 736 2845 Grece‚
758 2817 790 2849 p.
807 2808 877 2845 422,
896 2817 985 2848 sqq.,
1000 2807 1036 2838 in
1049 2807 1162 2849 prima
1172 2807 1333 2839 editione.
1353 2807 1478 2839 Iisdem
1496 2806 1622 2838 fabulis
1643 2806 1808 2838 immora-

285 2858 360 2888 tum
375 2865 450 2888 esse
469 2855 571 2888 facile
593 2855 801 2887 crediderim
821 2854 1054 2887 Xenomcdcin
1075 2854 1209 2893 Chium,
1231 2855 1289 2896 qui
1317 2854 1408 2887 Ionis
1428 2856 1528 2886 aetate
1551 2855 1646 2891 vixit,
1663 2853 1749 2891 Ioni,
1770 2854 1809 2884 ut

288 2903 476 2936 verisimile
497 2904 559 2942 est,
578 2912 648 2935 non
666 2902 818 2944 ignotus.
836 2902 898 2943 (Cf.
920 2902 1063 2943 Dionys.
1086 2902 1273 2942 Hellearn.²
1297 2902 1457 2943 leucyd„
1479 2912 1507 2934 c.
1529 2912 1559 2942 v,
1577 2904 1610 2933 et
1629 2902 1661 2934 C.
1688 2900 1809 2934 Mulle«
