2125 3534
1133 286 1364 330 -95‚-

476 401 592 439 nium
625 399 863 438 liberalium
901 398 1138 437 studiorum
1177 399 1281 438 rude
1318 398 1532 449 ingenium
1568 409 1576 436 :
1612 398 1678 437 cui
1709 397 2010 448 vituperationi

476 476 626 514 parum
649 463 747 501 salis
769 463 907 502 inesse
930 464 1087 502 fateare
1111 476 1281 502 necesse
1304 467 1380 509 est,
1405 464 1439 502 si
1468 463 1518 502 de
1537 463 1711 502 ahsente
1733 466 1774 502 et
1792 463 2037 502 exsulante—-

476 541 614 567 sermo
645 528 816 566 habitus
847 531 922 566 est.
946 529 1032 566 Imo
1061 541 1175 575 vero,
1200 541 1283 566 non
1315 529 1563 567 dissentiam
1597 529 1630 567 si
1662 528 1756 579 quis
1786 528 2015 567 arbitretur

478 596 681 643 tempore,
705 606 786 643 quo
809 593 859 632 de
878 593 1155 632 Themistocle
1175 594 1276 632 talia
1297 594 1554 639 ferebantur,
1579 593 1766 632 nondum
1788 593 1897 632 inter
1920 605 2015 632 eum

477 661 519 696 et
538 659 753 697 Cimonem
776 658 919 696 odium
946 659 1048 697 illud
1067 660 1275 697 exarsisse
1297 672 1379 709 quo
1400 659 1508 697 inter
1528 671 1570 697 se
1593 659 1747 697 summi
1766 658 1843 697 viri
1868 658 2016 709 flagra-

477 723 581 761 bant
614 736 712 762 cum
734 724 847 762 Cimo
879 736 1046 763 summa
1075 737 1153 774 ope
1188 725 1305 763 nisus
1339 728 1402 763 est
1428 727 1474 762 ut
1498 724 1778 763 Athenienses
1811 726 2016 762 testarum

478 790 676 840 suffragio
697 789 1038 838 impotentiorem
1061 790 1194 828 civem
1214 801 1337 828 suum
1356 801 1407 827 ex
1430 789 1531 827 urbe
1554 788 1767 839 ejicerent.
1792 788 2016 826 Pulchram

478 854 651 905 quidem
671 857 711 892 et
733 854 947 900 eximiam,
969 857 1010 893 et
1030 855 1190 894 Cimoni
1212 855 1325 893 haud
1348 854 1474 892 dubie
1497 854 1780 905 gratissimam
1810 853 2018 892 laudatio-

479 932 590 965 nem,
615 920 648 958 si
679 920 877 958 virtutem
902 932 1022 958 suam
1051 920 1108 958 ita
1137 920 1190 958 ab
1218 919 1365 958 amicis
1386 918 1641 958 celebratam
1661 918 1907 964 audivisset,
1928 920 2019 956 tan-

479 996 607 1034 quam
628 985 670 1022 in
695 997 777 1023 una
805 997 849 1023 re
874 988 960 1023 tota
976 984 1151 1035 jaceret,
1175 984 1289 1035 quod
1320 984 1470 1023 melius
1492 984 1651 1022 scilicet
1680 983 1830 1022 aemulo
1849 986 2018 1022 cantare

480 1049 713 1095 didicisset,
753 1062 847 1088 cum
881 1049 969 1100 jam
1006 1050 1277 1088 vehementes
1310 1050 1369 1088 ita
1400 1050 1510 1088 inter
1542 1061 1614 1088 eos
1646 1049 1885 1088 simultates
1919 1050 2033 1087 ortae*

480 1117 634 1160 essent,
656 1117 702 1152 ut
733 1115 869 1153 neutri
904 1114 1043 1153 vitalis
1077 1127 1168 1153 esse
1197 1116 1283 1153 vita
1301 1115 1476 1154 Athenis
1510 1114 1736 1161 videretur,
1766 1114 1808 1152 ni
1840 1114 2020 1153 alterum

481 1179 733 1229 expulisset!
758 1180 860 1226 Quis
882 1192 964 1218 non
985 1180 1099 1218 videt
1120 1180 1315 1231 graviora
1333 1184 1373 1219 et
1393 1179 1555 1230 majora
1574 1183 1661 1218 tum
1680 1180 1879 1218 convivas
1894 1179 2022 1218 fuisse

480 1245 741 1290 inventuros,
766 1248 812 1283 ut
833 1257 1034 1295 magnum
1063 1245 1211 1283 ducem
1234 1245 1516 1295 eumdemque
1538 1245 1719 1283 amicum
1741 1257 1864 1283 suum
1887 1244 2024 1295 dignis

481 1309 680 1348 laudibus
703 1310 979 1348 extollerent?
998 1310 1107 1347 Nihil
1129 1310 1243 1348 alind
1266 1310 1346 1348 illee
1368 1310 1528 1349 Cimoni
1557 1310 1724 1348 tributae
1751 1309 1899 1348 laudes
1921 1308 2024 1347 mihi

482 1375 679 1414 videntur
706 1387 797 1414 esse
826 1387 953 1425 quam
982 1375 1077 1413 vani
1100 1387 1291 1414 rumores
1313 1378 1354 1413 et
1374 1387 1494 1426 nugae
1517 1378 1558 1413 et
1578 1386 1645 1413 res
1672 1374 1910 1420 levissimae,
1931 1374 2023 1424 qui-

481 1441 560 1479 bus
580 1441 620 1478 in
643 1441 850 1491 principio
872 1440 981 1478 inter
1001 1452 1044 1478 se
1064 1443 1338 1490 opponuntur
1359 1452 1469 1489 saepe
1489 1441 1566 1478 viri
1594 1439 1830 1484 clarissimi,
1852 1441 1894 1477 et
1913 1437 2024 1477 unde

482 1507 653 1552 sensim,
693 1518 787 1544 cum
822 1506 893 1544 diu
933 1505 1112 1557 vulgatae
1140 1509 1252 1552 sunt,
1283 1506 1512 1544 inimicitiae
1544 1506 1759 1551 oriuntur3
1795 1517 1887 1555 quae
1917 1515 2025 1543 cres-

482 1575 583 1610 cunt
615 1571 768 1616 eundo,
805 1574 846 1609 et
878 1571 987 1610 vires
1018 1575 1188 1623 augent,
1213 1575 1254 1609 et
1286 1572 1439 1609 mirum
1467 1572 1509 1609 in
1537 1571 1710 1609 modum
1740 1569 2022 1620 amplificatae,

482 1637 782 1675 accedentibus
815 1648 912 1674 mox
944 1638 1101 1675 mutuae
1133 1636 1300 1675 invidiae
1331 1637 1469 1675 causis
1503 1636 1781 1687 gravioribus,
1811 1637 1958 1686 aperta
1984 1637 2025 1674 et

485 1702 761 1741 acerbissima
783 1702 880 1741 odia
898 1702 1082 1741 conflare
1105 1702 1256 1741 solent.

537 1767 686 1806 Omnia
718 1767 845 1818 igitur
878 1767 1059 1806 suadent
1088 1770 1134 1805 ut
1162 1767 1385 1806 credamus
1416 1767 1531 1806 illam
1554 1767 1666 1818 apud
1696 1766 2024 1805 Laomedontem

484 1845 645 1871 coenam
674 1845 785 1871 anno
813 1833 979 1871 circiter
1009 1833 1098 1879 476,
1130 1836 1175 1871 ut
1201 1845 1330 1883 supra
1348 1833 1548 1879 diximus,
1579 1833 1818 1883 appositam
1840 1843 1946 1878 esse,
1967 1833 2023 1877 et,

485 1898 599 1949 quod
620 1898 717 1936 inde
739 1899 945 1949 sequitur,
966 1911 1076 1936 anno
1104 1898 1269 1937 circiter
1286 1899 1362 1936 47ss
1383 1899 1526 1937 Ionem
1545 1899 1731 1937 Athenas
1753 1897 1935 1947 primum
1956 1908 2026 1935 ve-

486 1964 611 2002 nisse.
640 1964 741 2002 Cum
769 1967 909 2002 autem
938 1963 1005 2001 ille
1028 1966 1226 2014 quartum
1261 1963 1470 2002 decimum
1492 1963 1557 2003 vel
1590 1964 1784 2014 quintum
1816 1962 2027 2001 decimum

486 2041 643 2067 annum
676 2032 763 2067 tum
798 2032 955 2080 ageret,
991 2029 1197 2079 suspicari
1231 2041 1458 2079 possumus
1489 2041 1585 2068 eum
1614 2032 1759 2067 natum
1792 2040 1883 2067 esse
1918 2028 2028 2066 intra

487 2106 620 2132 annos
649 2094 834 2132 490-495.
860 2094 978 2140 Quod
1001 2107 1075 2144 pro
1097 2107 1194 2133 vero
1217 2094 1251 2132 si
1280 2094 1569 2141 habuerimus,
1591 2094 1765 2133 clariore
1799 2095 1886 2132 tota
1915 2093 2027 2132 Ionis

487 2160 574 2198 vita
591 2160 681 2199 luce
701 2160 982 2198 illustrabitur
1004 2163 1044 2197 et
1061 2160 1333 2210 aequabiliore
1353 2160 1500 2198 ordine
1520 2160 1814 2210 explicabitur.

541 2226 660 2271 Quod
682 2226 715 2264 si
738 2226 833 2276 quis
852 2226 973 2264 nobis
995 2225 1168 2276 objiciat
1188 2238 1297 2264 anno
1318 2226 1394 2263 476
1414 2226 1666 2265 Pausaniam
1688 2238 1901 2264 summum
1919 2225 2027 2265 Grae-

489 2304 633 2330 carum
656 2291 825 2329 navium
854 2291 1077 2341 imperium
1109 2291 1358 2337 obtinuisse,
1382 2304 1519 2342 neque
1549 2291 1601 2329 ad
1630 2291 1758 2329 alium
1787 2294 2031 2330 convertere

491 2369 533 2396 se
556 2356 744 2407 potuisse
768 2356 932 2394 Graecos
954 2369 1079 2406 quem
1101 2357 1305 2407 eligerent
1327 2360 1372 2395 ut
1393 2357 1537 2407 praeda
1558 2357 1667 2394 inter
1688 2368 1732 2395 se
1753 2356 2029 2403 divideretur,

491 2435 542 2460 ne
562 2423 639 2460 hoc
658 2422 828 2472 quidem
857 2422 958 2459 mihi
978 2422 1145 2460 videtur
1172 2422 1416 2461 defensione
1439 2434 1595 2460 carere.
1620 2421 1850 2460 Pausanias
1871 2421 2033 2460 scilicet

488 2487 577 2537 jam
608 2490 696 2526 tum
726 2490 899 2537 propter
929 2487 1172 2537 superbiam
1195 2491 1236 2526 et
1256 2488 1541 2539 arrogantiam
1571 2499 1691 2525 suam
1712 2487 2034 2526 Atheniensium

493 2553 617 2591 sociis
638 2553 777 2590 minus
807 2555 1003 2602 acceptus
1032 2555 1135 2598 erat,
1159 2555 1286 2603 atque
1314 2553 1373 2590 illi
1402 2552 1731 2591 Atheniensibus
1759 2552 1951 2598 ducibus,
1973 2552 2034 2591 Ci-

494 2618 608 2656 moni
625 2617 782 2656 scilicet
798 2621 838 2656 et
863 2617 1049 2663 Aristidi,
1070 2618 1239 2656 navium
1256 2630 1427 2656 suarum
1445 2618 1631 2668 regimen
1649 2617 1890 2657 detulerant
1904 2629 2035 2668 quan-

495 2696 622 2734 quam
657 2683 843 2721 nondum
866 2682 1032 2732 publice
1066 2683 1372 2722 Lacedzemonii
1401 2684 1512 2734 regis
1542 2684 1839 2722 auctoritatem
1867 2694 2036 2732 respue-

495 2752 604 2787 rant.
641 2749 979 2787 Consentaneum
1013 2751 1076 2786 est
1109 2749 1236 2799 igitur
1269 2761 1339 2788 eos
1372 2749 1699 2787 Atheniensibus
1732 2748 1872 2799 potius
1909 2759 2036 2799 quam

496 2814 713 2864 Spartanis
736 2813 972 2852 dividendae
1001 2813 1153 2863 praedae
1184 2814 1368 2852 officium
1396 2814 1673 2853 commisisse.
1699 2814 1819 2860 Quod
1848 2813 1882 2852 si
1903 2814 2036 2853 Cimo-

498 2891 593 2918 nem
610 2879 750 2928 potius
766 2891 892 2929 quam
902 2878 1128 2917 Aristidem
1145 2879 1198 2917 ad
1214 2880 1320 2918 hanc
1336 2891 1424 2918 rem
1441 2879 1672 2929 elegerunt,
1686 2880 1762 2918 hoc
1778 2879 1868 2918 fieri
1884 2878 2036 2929 potuit,
