2125 3534
1142 281 1371 324 —54—

498 392 539 432 et
559 390 606 432 in
624 389 832 448 operibus
848 388 939 432 suis
963 389 1178 433 adhibuit.
1204 391 1271 434 Ita
1292 407 1337 434 se
1359 406 1454 434 rem
1474 390 1684 434 habuisse
1711 391 2011 450 comperimus

497 474 549 502 ex
580 460 881 518 elegiacorum
911 461 1163 504 carminum
1186 462 1452 520 fragmento,
1475 461 1635 519 quibus
1661 476 1825 504 novam
1853 477 2011 520 quam-

496 530 599 573 dam
627 531 786 590 lyram,
810 530 1021 574 undecim
1054 532 1233 575 chordis
1261 534 1542 586 instructam,
1568 532 1883 586 celebraverat,
1908 548 2011 577 cum

495 601 690 654 citharae,
718 617 814 658 quae
836 602 959 660 prius
992 603 1165 647 usitatae
1186 608 1327 657 erant,
1353 607 1523 662 septem
1545 607 1720 647 tantum
1743 607 1820 647 aut
1848 619 2012 648 novem

495 687 628 716 sonos
650 672 887 716 redderent
906 689 919 717 .·

643 799 826 835 Undecim
847 801 999 837 chordis
1021 803 1168 838 intenta
1186 802 1281 848 lyra,
1305 802 1438 837 decem
1459 799 1663 836 intervalla
1676 799 1809 835 ordine
1828 798 2013 844 disposita

586 858 890 895 Consonantibus
911 861 1120 896 harmoniis
1142 863 1333 907 triplicem
1353 862 1464 896 viam.
1839 857 2009 903 [habenS‚

586 918 708 953 Antea
727 919 882 964 quidem
904 923 939 955 te
961 922 1245 966 septichordani
1267 921 1473 967 pulsabant
1493 919 1578 966 (bis)
1600 921 1763 964 quatuor
1784 928 1896 952 sonos

585 976 703 1012 Graeei
725 977 866 1025 (nimis)
885 980 1018 1025 jejuno
1041 984 1155 1015 cantu
1175 981 1384 1027 gaudentes
1407 981 1431 1015 ¹.
1773 977 2011 1023 [reddentem

490 1086 554 1130 Ea
575 1092 668 1131 erat
694 1089 830 1147 hujus
853 1091 1024 1135 inventi
1052 1093 1193 1136 virtus
1219 1096 1282 1145 ut,
1308 1092 1483 1135 duobus
1503 1090 1758 1133 hemitoniis
1792 1094 2010 1148 ἐννεαχόρδῳ

491 1157 597 1217 lyrae
619 1159 798 1214 additis,
835 1162 1041 1206 molliore
1073 1178 1288 1206 sonorum
1314 1163 1427 1205 serie
1455 1161 1644 1204 artifices
1672 1161 1737 1204 uti
1761 1162 1941 1219 possent
1969 1162 2012 1202 et

490 1229 582 1272 fere
605 1245 760 1274 omnes
783 1232 991 1277 hnmanae
1021 1235 1144 1277 vocis
1167 1235 1331 1292 gradus
1352 1233 1519 1276 imitari
1542 1232 1673 1290 (quod
1695 1231 2010 1274 clm‘onmticum

488 1315 632 1358 genus
667 1302 861 1362 dicitur).
892 1304 943 1347 In
974 1305 1056 1348 hoc
1090 1305 1210 1348 Ionis
1242 1306 1355 1358 loco⁷
1386 1305 1542 1356 fateor⁷
1573 1303 1626 1346 de
1656 1302 1818 1345 fidibus
1845 1301 2006 1359 agitur.

490 1371 600 1423 Quis
622 1388 726 1416 vero
749 1379 882 1433 neget
902 1391 1005 1419 eum
1028 1376 1232 1419 eamdem
1247 1377 1293 1419 in
1315 1376 1450 1428 tibiis,
1476 1374 1594 1433 quod
1616 1374 1848 1433 proprium
1866 1372 2010 1431 dithy-

489 1443 747 1487 ramborum
776 1460 995 1503 organum
1018 1451 1125 1500 erat,
1153 1447 1378 1490 luxuriam
1406 1445 1783 1504 comprobavisse‚
1808 1458 1943 1502 quam
1964 1443 2011 1486 in

487 1514 647 1558 fidibus
663 1516 941 1560 celebrabat?
962 1518 1265 1570 Quamobrem
1295 1534 1387 1561 11011
1405 1518 1599 1561 multum
1626 1532 1651 1559 a
1671 1531 1776 1559 vero
1804 1515 2010 1558 aberrare

488 1585 599 1627 mihi
620 1586 837 1639 videatur,
864 1588 899 1630 si
924 1589 1022 1646 quis
1042 1604 1094 1632 ex
1116 1589 1184 1632 his
1212 1589 1320 1647 ipsis
1343 1589 1394 1632 de
1422 1594 1664 1647 ἐνδεκαχόρδῳ
1691 1588 1787 1646 lyra
1807 1586 2009 1630 versibus

487 1655 701 1713 conjiciat
744 1662 884 1716 poetae
924 1661 1065 1703 nostri
1110 1660 1418 1719 dithyrambos
1457 1660 1585 1703 molli
1624 1659 1816 1717 quadam
1855 1656 2008 1700 indole

486 1726 726 1786 fractisque
746 1729 1064 1774 inflexionibus
1086 1732 1334 1790 praesertim
1357 1732 1558 1790 insignes
1585 1731 1737 1783 fuisse,
1763 1733 1806 1773 et
1831 1729 2008 1787 langui-

487 1797 647 1842 dorum
668 1801 810 1858 magis
833 1817 967 1859 quam
989 1803 1190 1845 virilium
1212 1803 1470 1846 animorum
1489 1802 1717 1845 affectibus
1750 1815 2008 1845 accommo-

487 1868 627 1924 datos,
666 1871 741 1928 qui
769 1872 1026 1917 auditorum
1062 1889 1191 1917 aures
1219 1874 1367 1933 potius
1396 1873 1729 1933 permulcerent
1751 1875 1840 1925 aut,
1867 1875 1917 1915 ut
1947 1871 2008 1914 ita

486 1939 646 1994 dicam,
671 1942 906 1987 titillarent
927 1946 955 1999 2,
981 1960 1114 2003 quam
1136 1948 1316 2004 pectora
1334 1948 1687 1989 commoverent.

542 2013 607 2056 De
626 2012 745 2057 Ionis
762 2014 1118 2074 dityramborum
1136 2016 1291 2059 metris
1310 2016 1425 2059 nihil
1447 2016 1538 2060 fere
1554 2013 1827 2075 deprehendi
1843 2016 2003 2073 potest.

486 2083 598 2126 Cum
637 2088 788 2128 tamen
820 2085 996 2144 jamdiu
1041 2088 1087 2131 in
1133 2088 1429 2147 dithyrambis
1470 2091 1632 2146 poetae,
1681 2085 2007 2129 sententiarum

524 2274 551 2304 1.
572 2273 665 2305 Ionis
680 2274 802 2315 fragm.
825 2276 854 2313 3,
870 2275 961 2316 apud
982 2276 1108 2317 Bergk,
1124 2277 1201 2317 Lyr.
1222 2286 1344 2317 9raec.;
1360 2277 1438 2308 vide
1459 2277 1654 2318 praesertim
1679 2277 1835 2316 Gemert,
1856 2277 2007 2309 Histoire

482 2322 515 2352 et
537 2321 674 2353 The'orz‘e
698 2322 739 2352 de
768 2321 803 2353 la
823 2323 977 2364 musiqae
996 2324 1036 2354 de
1065 2324 1280 2366 Z'Antiqnite',
1310 2325 1350 2362 ΙΙ,
1372 2335 1405 2365 p.
1425 2326 1482 2355 260
1504 2334 1579 2365 sqq.
1608 2325 1641 2356 Si
1660 2324 1810 2366 Bergkio
1833 2325 2008 2362 credimus

481 2368 575 2408 (Lyr.
602 2379 715 2409 syroen,
738 2369 830 2400 Ionis
845 2369 967 2411 fragm.
996 2372 1024 2407 3,
1048 2371 1083 2401 in
1104 2374 1211 2409 nota),
1234 2372 1287 2403 his
1303 2372 1463 2403 versibus
1491 2372 1551 2404 Ion
1572 2386 1586 2400 «
1612 2372 1830 2404 Timotheum
1850 2372 2006 2419 respicit,

482 2416 582 2456 cujus
604 2416 692 2455 lyra,
722 2416 886 2448 undecim
906 2417 1046 2449 chordis
1071 2418 1253 2457 instructa,
1281 2420 1394 2450 tribus
1427 2420 1609 2451 constabat
1628 2420 1872 2458 tetrachordis,
1901 2420 1950 2451 ita
1969 2421 2009 2451 ut

483 2464 599 2494 essent
622 2463 740 2494 decem
760 2464 954 2496 intervalla.
979 2478 992 2492 »
1013 2466 1057 2496 At
1085 2466 1309 2497 doctissimus
1338 2467 1391 2498 vir
1422 2467 1580 2505 Gevaert,
1614 2468 1712 2507 cujus
1743 2467 1779 2498 in
1806 2467 2007 2507 hujusmodi

482 2511 736 2550 quaestionibus
757 2521 893 2543 summa
913 2514 965 2543 est
984 2514 1186 2552 auctoritas,
1212 2514 1393 2545 contendit
1413 2524 1432 2545 a
1451 2515 1630 2547 Timotheo
1657 2524 1727 2546 non
1754 2514 1921 2552 undecim,
1947 2514 2006 2545 sed

481 2556 657 2588 duodecim.
690 2558 829 2589 chordis
862 2559 975 2599 lyram
1008 2560 1218 2592 instructam
1254 2571 1341 2600 csse,
1362 2571 1454 2593 anno
1486 2562 1626 2594 circiter
1644 2563 1720 2593 420:
1744 2561 1859 2601 lyram
1889 2563 2007 2593 autem

481 2602 711 2645 ἑνδεκάχορδον
742 2606 814 2645 J'am
843 2607 1010 2648 vigesimo
1034 2610 1112 2639 ante
1140 2609 1521 2650 Pelopponnensiacum
1541 2610 1671 2641 bellum
1699 2618 1790 2641 anno
1819 2609 2004 2641 exstitisse.

463 2649 556 2688 *Quo
572 2650 612 2682 fit
628 2654 666 2683 ut
684 2652 872 2693 elegiacum
891 2655 976 2686 illud
992 2665 1131 2686 carmen
1158 2656 1219 2687 Ion
1240 2666 1331 2689 anno
1352 2657 1422 2688 fere
1449 2658 1507 2688 430
1535 2658 1779 2698 composuerit.
1800 2676 1839 2680 —
1859 2657 2007 2689 Sensum

462 2730 465 2733 .
481 2710 585 2741 quem
606 2702 750 2734 Gevaert
769 2703 924 2744 praetulit
942 2703 978 2733 in
999 2703 1174 2734 vertendis
1195 2706 1305 2744 poetae
1323 2704 1481 2735 versibus
1498 2704 1641 2736 reddere
1661 2705 1776 2736 eonati
1801 2713 1934 2736 sumus.

520 2755 549 2785 2.
580 2755 760 2787 Timotheo
788 2757 1009 2788 Pherecrates
1036 2756 1156 2796 objicit
1187 2756 1405 2798 ἐκτραπέλους
1429 2757 1620 2799 μυρμηκίας,
1645 2758 1806 2790 insolitas
1835 2757 2004 2799 formica-

482 2801 601 2841 tiones,
622 2804 661 2834 111
691 2803 831 2843 quidem
854 2803 1071 2844 intelligunt3
1103 2804 1361 2836 minutissimos
1390 2806 1423 2836 et
1452 2805 1661 2844 levissimos,
1691 2808 1730 2837 ut
1759 2805 1903 2846 quidam
1932 2805 2004 2843 alii,

472 2857 598 2888 sonos,
622 2851 722 2891 qnasi
742 2850 979 2883 incedentium
1011 2850 1238 2883 formicarum
1265 2851 1444 2883 fremitum
1471 2854 1505 2885 et
1531 2852 1729 2886 stridorem.
1752 2853 2001 2894 (Pherecrates,

481 2895 556 2929 loco
576 2897 739 2938 laudato).

2120 2751 2125 2903 i
