2125 3534
959 288 1188 330 —72—

369 399 593 454 Ceterum,
618 403 865 458 utcumque
895 414 941 442 se
973 413 1024 443 ea
1055 414 1124 443 res
1147 399 1297 453 habet,
1323 398 1530 458 quamvis
1559 412 1584 440 a
1610 397 1834 441 Pausania

312 470 434 515 Ionis
456 470 581 514 locus
610 474 866 530 amputatus
893 471 951 513 sit
983 473 1024 513 et
1047 470 1101 514 ad
1129 470 1337 528 jejunam
1365 469 1614 512 siccitatem
1638 468 1833 512 brevita-

307 545 487 600 temque
503 542 722 595 redactus,
742 541 861 585 haud
877 541 1135 585 mehercule
1157 540 1458 600 negligendus
1475 542 1554 582 est.
1574 540 1691 583 Vera
1712 539 1833 582 enim

310 612 513 670 quaedam
534 612 659 655 falsis
685 613 892 655 immixta
919 627 1014 655 esse
1045 613 1091 655 in
1124 627 1174 655 eo
1202 612 1427 664 videntur,
1459 625 1556 668 quae
1583 610 1619 653 si
1643 610 1742 669 quis
1772 613 1835 653 at-

309 687 431 726 tente
452 683 752 743 perpenderit,
774 699 865 727 non
886 698 1029 742 pauca
1057 683 1259 727 inveniet
1287 682 1341 726 ad
1362 696 1516 726 veram
1537 681 1635 725 Chii
1662 681 1834 725 incola—

307 769 408 798 rum
423 755 645 814 originem
665 754 989 813 dispiciendam
1004 755 1147 807 utilia,
1167 758 1210 797 et
1230 753 1284 797 ad
1301 754 1559 797 universam
1576 752 1834 796 Graecarum

307 825 588 869 coloniarum
615 825 850 868 historiam
878 825 1166 884 pertinentia.
1202 825 1318 868 Hinc
1348 825 1469 867 enim
1507 823 1834 882 quadamtenus

305 897 475 940 discere
502 911 743 955 possumus
775 912 863 954 qua
884 897 1055 939 ratione
1090 896 1187 939 aliae
1218 896 1318 938 aliis
1341 895 1629 954 superpositae
1659 895 1762 948 sint,
1787 895 1834 938 in

305 968 424 1011 Asiae
439 968 626 1011 minoris
650 967 907 1011 civitatibus
927 971 1003 1010 aut
1024 967 1200 1019 insulis,
1224 967 1451 1009 variarum
1474 966 1697 1024 gentium,
1718 980 1836 1010 nova

307 1053 462 1083 secum
492 1038 712 1091 instituta,
740 1053 904 1092 mores,
935 1042 1067 1091 artes,
1101 1038 1288 1081 deorum
1322 1037 1496 1081 cultum
1530 1036 1830 1090 afferentium,

305 1110 625 1169 migrationes;
648 1110 753 1153 hinc
771 1109 985 1153 docemur
1005 1124 1101 1168 quae
1120 1109 1256 1152 fuerit
1277 1112 1389 1161 tum,
1416 1109 1462 1151 in
1484 1108 1692 1167 eligendo
1715 1108 1833 1151 colo-

307 1181 487 1224 niarum
518 1185 561 1224 et
597 1195 819 1224 novarum
850 1181 1031 1224 urbium
1061 1181 1163 1233 situ,
1198 1180 1521 1239 Delphicorum
1549 1179 1833 1223 sacerdotum

304 1252 560 1296 auctoritas.
587 1251 683 1295 Imo
713 1266 835 1299 vero,
874 1267 995 1304 cum,
1029 1255 1201 1295 mutata
1240 1251 1522 1310 OEnopionis,
1548 1251 1623 1309 qui
1665 1249 1832 1294 Bacchi

304 1323 422 1366 filius
451 1323 586 1381 vulgo
615 1322 854 1375 ferebatur,
886 1323 1058 1380 origine
1086 1325 1274 1365 conatus
1305 1322 1362 1364 sit
1382 1321 1463 1364 Ion
1486 1322 1603 1364 inter
1629 1322 1833 1365 Athenas

304 1398 346 1437 et
365 1394 528 1437 Chium
556 1394 962 1451 consanguinitatis
984 1394 1166 1437 vincula
1193 1393 1398 1436 invenire
1419 1396 1496 1435 aut
1522 1393 1704 1450 fingere,
1733 1391 1832 1450 quis

301 1468 435 1523 neget
468 1465 538 1508 hic
568 1464 841 1523 deprehendi
865 1480 951 1522 quo
975 1464 1122 1507 studio
1145 1464 1307 1507 Ionicae
1338 1467 1510 1522 gentes,
1541 1467 1641 1522 post
1659 1463 1832 1507 Medica

300 1536 432 1588 bella,
457 1536 686 1578 fortunam
708 1550 837 1578 suam
859 1535 1209 1578 Atheniensium
1231 1535 1422 1578 fortunae
1443 1538 1712 1578 connectere
1732 1538 1829 1578 ten-

300 1607 507 1659 taverint,
544 1606 637 1649 sive
671 1610 944 1665 recuperatae
983 1607 1202 1649 libertatis
1237 1621 1478 1658 memores,
1517 1606 1611 1649 sive
1646 1606 1831 1649 victoris

301 1678 456 1736 populi
479 1677 684 1736 gloriam,
704 1677 1007 1736 splendorem,
1024 1693 1145 1736 opes,
1168 1678 1434 1736 potentiam,
1455 1681 1573 1720 artes
1595 1677 1832 1720 demirati?

301 1749 519 1807 Denique,
557 1749 674 1807 quod
706 1748 887 1807 quidem
915 1764 1007 1792 non
1040 1749 1229 1792 minoris
1254 1749 1476 1792 momenti
1505 1749 1617 1791 mihi
1652 1748 1830 1792 videtur

301 1835 412 1872 esse,
438 1835 542 1863 cuni
564 1834 617 1862 ex
650 1819 876 1863 veteribus
898 1835 1049 1863 rerum
1074 1820 1344 1879 scriptorum
1375 1820 1686 1863 monumentis
1720 1819 1830 1863 adeo

300 1891 454 1949 paucis
489 1894 667 1949 tempus
694 1891 958 1949 perpecerit,
994 1891 1094 1949 quis
1124 1906 1217 1935 non
1251 1891 1445 1949 gaudeat
1476 1891 1531 1933 ad
1563 1906 1646 1934 nos
1673 1905 1829 1950 perve-

301 1962 420 2004 nisse
441 1961 610 2019 aliquid
631 1961 692 2004 ita
713 1961 1014 2015 luculentum,
1041 1965 1090 2006 ut
1115 1962 1242 2006 nullo
1266 1962 1455 2005 forsitan
1487 1977 1540 2004 ex
1569 1962 1657 2005 alio
1690 1961 1830 2005 docu-

300 2036 452 2076 mento
474 2033 637 2075 melius
660 2033 883 2091 possimus
901 2032 1106 2091 judicare
1129 2033 1284 2092 quales
1319 2033 1464 2092 reipsa
1483 2041 1614 2081 κτίσεις
1638 2033 1727 2076 illae
1753 2048 1829 2077 ve-

300 2104 539 2148 tustiorum
558 2107 794 2147 auctorum
818 2104 1000 2157 fuerint,
1030 2120 1117 2163 qua
1139 2105 1327 2158 ratione,
1353 2108 1454 2147 ante
1479 2104 1759 2148 Herodotum
1787 2109 1830 2149 et

299 2174 622 2234 Thucydidem,
648 2175 835 2234 poeticis
861 2175 1140 2234 imaginibus
1169 2191 1297 2219 veras
1326 2190 1395 2219 res
1417 2175 1675 2220 Graecorum
1705 2177 1828 2236 inge-

297 2246 426 2290 nium
447 2246 734 2290 consueverit
759 2246 1006 2290 adornare?

355 2318 510 2376 Longe
542 2317 657 2360 alius
678 2317 856 2376 generis
898 2317 984 2360 fuit
1018 2318 1212 2361 alterum
1242 2318 1364 2361 Ionis
1396 2318 1661 2362 historicum
1695 2334 1822 2379 opus,

299 2388 418 2447 quod
439 2388 706 2448 plerumque
727 2393 934 2444 Ἐπιδημίαι
954 2389 1216 2432 inscribitur
1237 2390 1265 2432 ¹.
1300 2389 1351 2432 In
1382 2404 1432 2433 eo
1458 2390 1581 2433 enim
1607 2405 1700 2434 non
1729 2389 1824 2449 jam

296 2538 387 2569 rum,
401 2529 507 2570 Fraq.
522 2529 684 2562 Historic
708 2540 822 2571 yram„
844 2530 959 2568 Didot‚
980 2530 1021 2568 ΙΙ,
1042 2541 1075 2572 p.
1095 2532 1157 2572 43).
1178 2532 1224 2562 De
1246 2531 1392 2584 singulis
1412 2531 1636 2573 minimisque
1653 2532 1824 2565 rebuslo-

297 2585 377 2608 nem
404 2577 441 2607 in
462 2587 524 2609 suo
546 2577 635 2609 libro
654 2578 764 2619 egisse
788 2588 829 2610 ex
851 2578 918 2610 alio
938 2578 1134 2619 fragmento
1162 2581 1310 2617 constat,
1332 2579 1369 2610 in
1394 2588 1462 2619 quo
1483 2582 1699 2611 memoratur
1718 2590 1823 2621 quam

294 2623 368 2655 vini
383 2633 472 2665 aqua
486 2626 703 2666 temperandi
724 2626 896 2657 rationem
919 2626 1119 2657 Palamedes
1133 2626 1257 2668 graecis
1270 2626 1556 2668 praescripsisset,
1575 2628 1614 2658 ut
1631 2626 1766 2659 felicem
1785 2628 1822 2660 in

299 2671 450 2713 patriam
465 2672 615 2703 ieditum
630 2673 809 2704 haherent.

335 2719 362 2749 1.
379 2719 575 2757 Athenaeus,
598 2720 683 2758 XIII,
698 2721 768 2758 603,
784 2730 812 2751 e.
830 2719 897 2750 ,Ἐν
914 2721 982 2755 ταῖς
999 2719 1272 2762 ἐπιγραφομέναις
1286 2722 1510 2763 Ἐπιδημίαις;
1529 2722 1586 2762 III,
1602 2723 1652 2761 93,
1669 2732 1699 2761 a,
1716 2724 1750 2754 et
1762 2722 1818 2761 ΙΙΙ,

296 2767 363 2803 107,
386 2775 426 2797 a:
448 2766 495 2796 Εν
511 2768 576 2801 ταῖς
596 2766 809 2807 Επιδημίαις.
826 2745 864 2798 ln
878 2767 971 2799 Ionis
986 2777 1130 2809 operum
1145 2770 1348 2802 recensione
1366 2780 1436 2802 non
1450 2771 1622 2802 memorat
1641 2746 1718 2801 illas
1732 2769 1820 2800 Ἐπι-

295 2811 409 2852 δημῐας
428 2813 672 2855 Aristophanis
691 2815 866 2856 interpres
884 2816 981 2855 (Pax,
1004 2826 1035 2847 v.
1059 2817 1142 2858 835),
1165 2818 1224 2848 sed
1246 2818 1357 2850 utitur
1376 2818 1481 2850 verbo
1506 2817 1738 2858 ὑπομνηματα,
1760 2827 1820 2850 cu-

293 2860 351 2899 jus
366 2861 398 2891 et
415 2860 619 2893 Plutarchus
636 2861 773 2894 videtui
790 2862 991 2894 meminisse
1010 2863 1323 2906 (Cimon‚XV1):6
1344 2865 1369 2896 δ’
1390 2865 1456 2896 Ἴων
1479 2865 1752 2906 ἀπομνημονεύει.
1758 2865 1820 2906 )-

296 2905 531 2947 Ὑπομνίματα
547 2908 637 2941 haud
655 2908 758 2941 dubie
780 2909 873 2945 idem
900 2911 983 2942 sunt
1001 2910 1095 2955 quod
1117 2910 1315 2952 Ἐπιδημίαι.
1340 2912 1438 2951 Quod
1458 2921 1586 2947 nomen
1606 2912 1818 2957 (Ἐπιδημίαι)
