2125 3534
634 630 883 703 INDEX
966 630 1318 704 GAPITUM

216 1143 466 1177 PROOEMIUM
483 1166 1648 1177 ..........................................
1724 1154 1736 1176 1

216 1197 350 1230 CAPUT
369 1197 394 1229 1.
413 1215 450 1220 —-
471 1198 499 1228 1.
520 1197 567 1227 De
589 1196 680 1227 Ionis
700 1205 826 1237 genere
845 1198 949 1236 atque
968 1198 1057 1227 ortu.
1073 1214 1112 1219 —
1125 1198 1153 1227 2,
1178 1198 1237 1228 lon
1257 1198 1407 1228 Athenas
1426 1198 1577 1239 primum
1595 1198 1655 1230 ad-

561 1249 665 1281 venit.
694 1249 786 1281 Ionis
810 1249 935 1280 studia.
957 1266 996 1272 —-
1018 1250 1045 1280 3.
1068 1249 1161 1281 Inter
1186 1250 1302 1281 Ionem
1327 1252 1360 1281 et
1384 1251 1563 1283 Cimonem
1587 1252 1657 1283 ori—

561 1304 618 1334 tur
632 1302 802 1340 amicitia3
820 1302 911 1333 Ionis
926 1311 1004 1333 cum
1016 1302 1176 1343 AEschylo
1193 1305 1226 1334 ct
1240 1303 1409 1345 Sophocle
1424 1305 1655 1336 consuetudo.

559 1373 598 1378 —
615 1357 645 1386 4.
666 1356 712 1386 De
732 1355 992 1387 remissioribus
1019 1355 1110 1386 lonis
1130 1356 1166 1386 in
1192 1356 1425 1389 adolescentia
1446 1358 1625 1389 moribus.
1653 1383 1658 1388 .
1727 1358 1740 1388 1

218 1408 354 1441 CAPUT
386 1409 426 1440 ΙΙ.
448 1427 486 1432 -
510 1409 558 1440 De
574 1409 666 1440 Ionis
685 1408 845 1450 elegiacis
868 1408 1083 1440 carminibus
1104 1434 1655 1442 .....................
1707 1411 1743 1442 18

217 1462 352 1495 CAPUT
373 1462 428 1494 111.
451 1480 490 1486 -
507 1463 554 1494 De
574 1462 666 1494 Ionis
690 1462 842 1502 satyrico
866 1461 1022 1493 dramate
1039 1462 1131 1503 quod
1151 1463 1318 1504 Omphala
1347 1464 1562 1495 inscribitur.

604 1516 631 1547 1.
651 1515 741 1553 Quid
760 1515 801 1546 dc
822 1515 1085 1547 Atheniensium
1104 1516 1207 1547 rebus
1222 1516 1370 1558 publicis
1385 1517 1446 1548 Ion
1466 1517 1614 1549 senserit
1628 1518 1662 1549 et

564 1577 632 1609 qua
651 1569 786 1600 ratione
806 1569 1016 1600 sententiam
1031 1578 1129 1600 suam
1147 1570 1366 1611 expresserit.
1382 1588 1420 1594 —
1435 1571 1463 1601 2.
1482 1571 1528 1602 De
1544 1570 1657 1601 sceni-

562 1622 611 1653 cis
637 1622 747 1663 poetis
768 1622 827 1662 qui
853 1621 918 1653 sub
944 1622 1120 1663 Omphalae
1149 1624 1182 1654 ct
1209 1623 1366 1654 Herculis
1389 1623 1530 1655 nomine
1550 1624 1660 1665 Aspa-

562 1676 651 1706 siam
671 1677 703 1707 et
725 1675 891 1707 Periclem
910 1676 1084 1716 persecuti
1104 1678 1194 1707 sunt.
1211 1694 1249 1699 —
1262 1678 1290 1707 3.
1312 1677 1385 1715 Quo
1402 1686 1494 1709 anno
1515 1678 1593 1709 acta
1616 1677 1661 1709 sit

563 1728 657 1760 Ionis
683 1728 863 1770 Omphala.
885 1746 923 1752 --
942 1731 971 1760 4.
995 1729 1168 1770 Omplzalae
1187 1732 1433 1772 argumentum
1449 1755 1657 1762 ........
1706 1730 1744 1760 29

216 1779 350 1813 CAPUT
370 1781 424 1813 IV.
444 1800 481 1804 —
498 1782 545 1813 De
563 1782 656 1813 Ionis
676 1782 855 1822 tragoediis
861 1807 1660 1815 .............................
1706 1784 1744 1813 45

216 1833 351 1866 CAPUT
382 1835 419 1867 V.
438 1853 475 1858 —-
492 1835 539 1866 De
561 1835 829 1875 dithyrambicis
853 1835 944 1866 Ionis
969 1836 1182 1867 carminibus
1188 1861 1655 1868 ..................
1702 1837 1737 1866 61

214 1886 349 1919 CAPUT
367 1888 421 1920 VI.
440 1906 478 1911 —
495 1889 542 1919 Dc
563 1888 656 1919 Ionis
677 1888 842 1930 operibus
864 1898 969 1929 prosa
990 1889 1147 1920 oratione
1166 1890 1387 1931 conscriptis.

603 1943 630 1972 1.
647 1942 694 1973 De
708 1941 884 1973 historicis
898 1941 991 1973 Ionis
1006 1942 1115 1973 libris.
1132 1961 1170 1965 —
1186 1944 1214 1974 2.
1235 1943 1282 1974 De
1296 1942 1549 1985 philosophicis
1567 1941 1661 1974 Ionis

562 1993 661 2026 libris
678 2019 1656 2028 ....................................
1702 1996 1740 2026 69

219 2045 464 2081 CONCLUSIO.
564 2073 1658 2081 .......................................
1703 2050 1740 2080 90

221 2099 412 2142 Appendix.
433 2119 471 2124 —
489 2100 563 2139 Quo
583 2111 676 2132 anno
694 2103 796 2133 natus
816 2101 860 2133 sit
877 2102 937 2133 1011
951 2126 1658 2134 ..........................
1705 2103 1744 2133 93

485 2154 578 2186 lonis
596 2154 790 2196 fragmenta
795 2179 1659 2187 ...............................
1706 2155 1744 2186 98

302 2835 347 2866 Le
367 2834 451 2875 Puy.
471 2853 510 2858 —
531 2834 748 2876 Imprimerie
771 2833 996 2865 Marchessou
1015 2832 1082 2871 fils,
1103 2832 1292 2864 boulevard
1314 2831 1592 2870 saint-Lauren,
1613 2832 1662 2863 23.
