2125 3534
1075 266 1304 309 -78-

427 378 536 418 actae
559 378 678 418 sunt.
704 373 820 426 Quid
849 375 1000 419 enim?
1026 376 1185 421 Nonne
1216 393 1261 421 se
1291 378 1373 422 Ion
1402 377 1599 436 partium
1630 376 1951 421 certaminibus

426 445 602 504 jamdiu
622 446 956 489 immiscuerat?
977 447 1136 492 Nonne
1163 449 1470 492 infensissimo
1493 448 1678 491 Periclis
1707 448 1870 491 aemulo
1892 447 1956 491 fa-

430 517 733 560 miliarissime
755 518 993 562 utebatur?
1013 520 1159 572 Quam
1186 522 1325 579 igitur
1345 521 1485 565 avidis
1503 520 1686 564 auribus
1714 520 1952 579 exceperit,

429 603 563 647 quam
584 590 671 632 alte
689 590 918 633 memoriae
945 590 1163 650 impressa
1183 593 1426 636 servaverit
1447 606 1742 650 quaecumque
1759 594 1857 634 tum
1883 590 1957 634 vel

429 658 544 703 dicta
564 660 636 704 vel
663 663 760 704 acta
787 665 906 714 sunt,
939 677 1074 706 nemo
1102 679 1195 707 non
1224 664 1448 723 intelligit.
1475 663 1572 706 Imo
1601 678 1724 715 vero,
1748 677 1841 706 non
1866 662 1954 705 mi-

428 745 529 798 nus,
563 731 610 774 ni
641 731 788 785 fallor,
822 733 1044 792 impetum
1074 736 1347 794 repulsantis
1377 734 1633 793 eloquentia
1667 733 1957 777 vehementer

428 806 680 846 commotus
697 807 777 856 est,
796 819 930 862 quam
945 806 1166 860 facientis,
1183 822 1267 850 nee
1283 807 1452 850 invitus
1468 805 1648 850 credam
1669 805 1791 848 illius
1814 804 1956 848 menti

426 876 524 916 tum
539 874 718 917 aculeos
738 875 840 918 illos
861 876 1114 931 adhaesisse,
1134 894 1244 936 quos
1261 878 1492 922 dicebat-ur
1507 876 1703 920 Pericles
1721 876 1767 919 in
1786 875 1956 919 audito-

427 959 528 988 rum
543 945 706 988 animis
728 946 995 1005 relinquere.
1020 949 1054 991 E
1075 949 1227 1008 praelio
1250 964 1356 993 eum
1373 949 1464 992 suis
1486 948 1567 991 Ion
1588 948 1733 991 victus
1751 947 1948 1000 recessit,

428 1015 504 1058 sed
537 1016 718 1060 victoris
750 1033 929 1061 summa
958 1034 1063 1062 cum
1090 1020 1404 1073 admiratione,
1436 1021 1495 1062 ita
1522 1022 1571 1063 ut
1601 1019 1764 1062 tabulae
1792 1018 1954 1077 quibus

428 1090 580 1130 noster
614 1088 793 1132 credere
827 1094 1123 1133 consueverat
1155 1106 1252 1149 quae
1280 1090 1594 1134 memorabilia
1625 1093 1701 1134 aut
1727 1089 1958 1133 audiverat

428 1162 506 1201 uat
519 1159 704 1213 viderat,
729 1160 927 1219 aliquam
943 1162 1128 1205 Periclis
1146 1163 1349 1206 oratoriae
1364 1163 1541 1205 virtutis
1557 1162 1804 1220 imaginem
1821 1161 1957 1204 etiam

430 1230 698 1274 retinuerint
724 1233 750 1274 ¹.
768 1232 812 1275 Si
836 1233 895 1276 ita
917 1248 962 1276 se
985 1249 1054 1277 res
1075 1234 1247 1285 habuit,
1272 1233 1387 1292 quod
1411 1237 1534 1292 puto,
1552 1233 1692 1285 Ionis,
1709 1247 1801 1275 non
1821 1232 1952 1285 alius,

429 1299 554 1344 libris
588 1302 635 1344 in
665 1302 747 1346 hac
780 1304 964 1347 Periclis
993 1305 1061 1348 sui
1094 1310 1235 1364 parte,
1272 1308 1319 1348 ut
1347 1320 1461 1363 saepe
1494 1305 1620 1357 alias,
1657 1303 1955 1347 Plutarchum

429 1387 563 1415 usum
583 1388 678 1416 esse
705 1377 882 1417 tantum
906 1390 997 1418 non
1027 1391 1107 1434 pro
1130 1380 1250 1419 certo
1282 1390 1522 1434 possumus
1551 1375 1770 1434 accipere,
1803 1374 1956 1418 nobis-

430 1458 515 1501 que
533 1444 580 1486 in
596 1444 681 1488 hoc
703 1445 800 1488 1000
821 1461 913 1488 11011
929 1446 1026 1489 leve
1046 1447 1356 1489 testimonium
1374 1447 1608 1504 reliquisse
1628 1449 1795 1504 quanta
1812 1460 1958 1503 aequa-

427 1514 598 1558 bilitate
627 1520 757 1574 poeta
779 1516 915 1560 Chius
942 1517 1015 1560 vel
1037 1533 1208 1571 eorum,
1235 1532 1428 1576 quorum
1448 1517 1649 1561 indolem
1681 1517 1835 1560 minus
1859 1517 1958 1560 lau-

429 1586 576 1640 dabat,
601 1588 760 1631 merita
781 1603 875 1631 non
894 1592 1076 1632 taceret.

487 1658 599 1702 Cum
622 1660 673 1702 de
695 1659 794 1702 aliis
827 1660 971 1703 multa
999 1661 1207 1715 traderet,
1237 1661 1380 1705 multa
1402 1660 1454 1705 de
1482 1676 1528 1705 se
1561 1660 1658 1720 ipso
1683 1660 1819 1705 simul
1852 1675 1957 1705 con-

427 1732 693 1773 sentaneum
712 1735 778 1774 est
795 1731 951 1775 Ionem
970 1733 1222 1776 narravisse
1248 1747 1256 1775 :
1281 1749 1390 1791 quas
1412 1733 1594 1776 adiisset
1611 1733 1760 1786 urbes,
1782 1732 1889 1791 quid
1908 1733 1956 1776 in

427 1801 489 1844 eis
515 1802 766 1845 notandum
793 1803 991 1856 vidisset,
1017 1805 1219 1863 publicas
1245 1805 1377 1858 101105,
1409 1805 1592 1864 templa,
1624 1806 1774 1849 varios
1806 1805 1956 1849 homi-

427 1888 537 1916 num
559 1888 706 1917 mores
735 1878 778 1918 et
796 1875 970 1919 victum
991 1877 1006 1901 '2
1026 1875 1147 1919 haud
1168 1875 1301 1920 dubie
1323 1880 1656 1921 memoraverat
1679 1879 1708 1920 3.

467 2033 494 2064 l.
513 2034 560 2065 Ne
580 2035 658 2075 quis
678 2034 768 2067 forte
788 2035 979 2067 arbitretur
997 2035 1117 2068 Ionem
1140 2036 1175 2067 in
1195 2035 1397 2077 Ἐπιδημίαις
1419 2046 1496 2078 quae
1522 2037 1667 2069 vidisset
1687 2038 1826 2069 tantum
1854 2046 1955 2069 enar-

425 2088 533 2117 rasse,
553 2081 630 2123 ipsa
650 2085 765 2114 autem
785 2086 976 2121 oratorum,
994 2094 1082 2125 quos
1099 2084 1300 2121 audivisset,
1317 2084 1421 2115 verba
1436 2094 1507 2115 11011
1521 2094 1746 2121 memorasse,
1764 2093 1842 2116 ecee
1856 2084 1956 2119 adest

426 2129 601 2160 Plutarchi
626 2129 774 2161 Cimonis
795 2130 902 2168 locus,
924 2141 951 2162 c.
975 2141 1034 2162 ΧΠ
1050 2141 1055 2162 z
1072 2131 1107 2161 ‘0
1124 2130 1148 2160 δ’
1171 2131 1238 2161 Ἴων
1261 2130 1506 2171 ἀπομνημον
1519 2132 1597 2162 εύει
1619 2132 1773 2162 καὶτὸν
1793 2130 1914 2172 λόγον
1931 2129 1956 2172 ᾧ

426 2176 568 2216 μάλιστα
599 2178 671 2211 τοὺς
693 2176 872 2215 Ἀθηναίους
905 2177 1032 2216 ἐκίνησε
1064 2177 1262 2219 παρακαλῶν
1293 2178 1374 2218 μήτε
1403 2180 1459 2216 τὴν
1479 2178 1621 2209 Ἑλλάδα
1640 2178 1764 2220 χωλὴν,
1794 2178 1876 2218 μήτε
1897 2179 1954 2216 τὴν

423 2223 521 2254 πόλιν
536 2223 705 2264 ἑτερόζυγα
719 2224 870 2265 περιιδεῖν
885 2226 1113 2266 γεγενημένην.
1128 2225 1267 2263 Quidni,
1281 2226 1322 2257 de
1338 2225 1467 2257 Pericle
1481 2236 1600 2267 agens,
1616 2228 1736 2258 noster
1748 2226 1841 2257 idem
1854 2226 1955 2257 fecis-

424 2272 486 2309 set,
509 2271 602 2312 quod
631 2271 757 2303 fecerat
784 2272 825 2303 de
849 2273 1013 2304 Cimone?
1042 2274 1110 2304 Nec
1140 2273 1297 2314 profecto
1324 2273 1453 2304 mirum
1483 2275 1535 2304 est
1557 2274 1687 2312 Ionem,
1710 2282 1790 2304 cum
1819 2272 1955 2314 primae,

422 2320 460 2349 ut
479 2319 526 2350 ita
555 2319 680 2357 dicam,
696 2319 818 2350 Atticae
840 2320 1048 2360 eloquentiae
1075 2329 1211 2351 auroraev
1237 2320 1386 2358 adesset,
1407 2329 1506 2351 novae
1538 2320 1633 2351 illius
1662 2320 1746 2352 artis
1769 2319 1955 2361 splendore

423 2368 575 2407 captum,
596 2366 747 2397 voluisse
763 2367 896 2407 aliquid
910 2367 951 2398 de
972 2367 1287 2398 disertissimorum
1307 2367 1435 2398 civium
1449 2367 1613 2399 facundia
1634 2369 1786 2399 enotare.

461 2416 490 2445 2.
510 2414 548 2445 ln
568 2414 773 2455 fragmentis
789 2415 806 2444 2
827 2415 860 2445 et
881 2415 897 2445 3
913 2416 979 2455 (ap.
997 2415 1029 2445 C.
1049 2415 1267 2452 Muellerum,
1288 2415 1426 2455 Fraym.
1448 2415 1609 2446 Historia.
1634 2415 1751 2453 Gneo„
1768 2414 1882 2452 Didot‚
1897 2413 1951 2455 ΙΙ).

461 2463 489 2493 3.
514 2462 659 2499 Periere„
681 2461 865 2502 perpaucis
887 2462 1053 2502 exceptis,
1075 2461 1271 2501 Ἐπιδημιῶν
1292 2464 1409 2502 partes
1428 2471 1505 2502 quae
1528 2462 1570 2493 ad
1588 2462 1705 2503 ipsum
1729 2461 1955 2503 pertinebant

420 2518 533 2549 neque
554 2509 744 2549 quidquam
766 2509 851 2540 certi
871 2509 912 2539 de
932 2510 1006 2549 ejus
1027 2509 1371 2550 peregrinationibus
1389 2518 1579 2551 possumus
1609 2510 1708 2541 scire.
1725 2509 1777 2540 Ad
1800 2518 1858 2541 eas
1881 2509 1953 2540 for-

420 2557 511 2588 sitan
528 2556 649 2588 referri
664 2557 774 2597 possit
790 2555 1068 2595 συνεκδημτ,τικός
1085 2556 1154 2594 1110,
1174 2566 1193 2587 a
1212 2556 1349 2587 Polluce
1364 2556 1538 2595 laudatus,
1552 2557 1652 2595 liber,
1668 2557 1704 2587 in
1722 2566 1791 2598 quo
1810 2557 1851 2588 de
1868 2565 1954 2597 qua-

421 2604 500 2635 dam
523 2605 597 2644 ejus
619 2603 804 2645 legatione,
829 2605 867 2634 ut
881 2603 1024 2643 quidam
1043 2604 1279 2643 conjecerunt,
1303 2603 1345 2635 ad
1364 2604 1482 2635 nescio
1497 2613 1603 2645 quam
1626 2604 1804 2635 civitatem
1827 2603 1954 2644 ageba-

420 2654 488 2684 tur.
510 2652 656 2692 (Pollux,
679 2652 719 2689 ΙΙ,
738 2654 768 2689 4,
789 2652 824 2682 19
845 2662 851 2682 ;
871 2652 958 2692 Παρὰ
976 2651 1055 2681 Ἴωνι
1078 2652 1121 2691 τῷ
1139 2653 1281 2693 τραγικῷ
1302 2651 1332 2682 ἐν
1353 2653 1397 2692 τῷ
1415 2651 1661 2693 ἐπιγραφομένῳ
1681 2651 1956 2692 Συνεκδημητικῷ

420 2699 643 2740 σπανοπώγων
664 2709 709 2733 τις
733 2698 937 2739 ὀνομάζεται.
962 2717 1000 2721 —-
1020 2699 1104 2731 Vide
1125 2699 1239 2740 Bergk
1260 2699 1406 2739 (Grieclz.
1428 2699 1585 2738 Literat„
1615 2699 1672 2738 ΙΙΙ,
1694 2709 1727 2741 p.
1749 2700 1820 2737 606,
1841 2708 1874 2730 n.
1903 2698 1954 2739 25)

420 2747 480 2788 qui
498 2747 697 2788 suspicatur
719 2746 849 2777 librum
866 2746 1099 2787 πρεσὸευτικός
1119 2746 1330 2787 inscriptum
1351 2756 1422 2777 non
1443 2745 1581 2777 differre
1607 2746 1649 2778 ab
1670 2756 1710 2778 eo
1729 2744 1954 2784 001συνεκὸη-

420 2794 557 2834 μητικός
578 2794 699 2826 1110105
715 2795 798 2831 erat,
819 2795 853 2825 et
872 2803 994 2825 vocem
1014 2793 1124 2833 λόγος,
1143 2803 1220 2834 quae
1239 2793 1480 2826 subaudienda
1497 2795 1560 2831 est,
1582 2803 1653 2825 non
1670 2793 1861 2826 orationem
1878 2792 1946 2831 hic,

420 2842 479 2873 sed
498 2842 734 2873 narrationem
755 2841 961 2882 significare.
978 2841 1069 2872 Fieri
1088 2841 1202 2882 potuit
1218 2843 1255 2872 ut
1270 2841 1328 2872 ille
1351 2841 1583 2883 πρεσὸευτικὸς
1603 2841 1842 2873 narrationem
1863 2849 1948 2872 con-

418 2889 544 2922 tineret
561 2889 602 2921 de
622 2889 714 2921 lonis
732 2889 906 2930 legatione
924 2888 1073 2930 quadam
1095 2888 1137 2920 ad
1163 2888 1352 2930 Spartanos
1373 2889 1424 2930 (Ὺ).
1451 2888 1516 2921 Sed
1537 2888 1727 2921 admodum
1739 2888 1874 2921 incerta
1890 2896 1946 2920 res
