2125 3534
925 296 1155 337 -24-

277 409 508 467 nipotens,
533 406 651 466 quod
673 421 724 450 ea
744 406 907 459 studia,
941 421 1014 450 eas
1036 410 1167 458 artes,
1192 419 1385 463 quorum
1415 407 1568 447 noster
1594 407 1687 447 erat
1712 404 1807 463 ipse

279 478 632 532 curiosissimus,
656 479 700 521 vi
722 493 801 521 sua
824 477 1007 536 adjuvat
1028 481 1071 520 et
1093 477 1247 520 divino
1271 476 1418 519 calore
1440 475 1576 527 fovet,
1601 475 1718 533 quod
1742 476 1807 518 in-

276 549 486 609 gentibus
519 549 610 592 illis
644 550 865 592 universa?
905 549 1105 592 Helladis
1141 548 1330 592 coetibus
1370 546 1579 606 praesidet
1613 561 1807 604 quorum

276 620 495 664 beneficio
523 624 695 663 tantam
718 620 1014 663 humanitatis
1041 620 1222 663 laudem
1241 619 1383 662 Graeci
1407 617 1555 676 adepti
1585 620 1702 660 sunt.

332 691 447 734 Aliis
471 692 606 734 etiam
628 691 750 734 Ionis
772 691 984 749 elegiacis
1006 691 1272 749 fragmentis
1301 690 1517 733 docemur
1546 703 1682 746 quam
1710 687 1808 731 dili-

273 777 384 822 gens
417 766 610 806 sectator
641 766 757 805 esset
781 763 987 805 omnium
1021 762 1274 805 studiorum
1304 776 1401 819 quae
1435 760 1552 802 inter
1584 759 1807 817 ingenuos

271 834 393 877 viros
412 834 500 877 coli
522 834 741 877 solebant.
762 833 883 876 Nihil
907 833 1081 877 nescire
1100 833 1279 876 volebat
1300 832 1424 875 exiis
1446 845 1542 888 quae
1560 830 1606 872 in
1628 830 1804 882 litteris,

272 904 460 957 artibus,
485 904 787 963 philosophia,
818 904 966 947 omnis
989 904 1169 962 generis
1192 903 1414 954 doctrina,
1439 916 1558 944 nova
1579 904 1677 944 tum
1708 915 1808 959 pro-

271 975 476 1018 ferebant
490 976 837 1034 praeclarissima
852 975 975 1018 illius
991 975 1132 1019 aetatis
1154 974 1353 1033 ingenia.
1371 974 1485 1016 Tum
1502 973 1678 1016 laetatur
1689 971 1807 1030 quod

269 1033 393 1105 lyra),¹
413 1061 510 1104 quae
533 1050 703 1106 septem
721 1050 851 1090 antea
872 1050 947 1090 aut
961 1061 1126 1089 novem
1145 1045 1325 1089 chordis
1341 1048 1433 1088 erat
1451 1044 1685 1096 instructa,
1709 1043 1807 1087 duae

268 1132 397 1160 novae
420 1116 528 1160 fides
547 1121 848 1170 accesserunt,
873 1117 933 1160 ita
963 1121 1011 1160 ut
1041 1116 1255 1160 undecim
1277 1131 1411 1159 voces
1446 1118 1596 1174 posset
1622 1113 1807 1158 reddere

272 1188 353 1231 sub
384 1189 665 1247 pulsantium
696 1189 847 1247 digitis
871 1190 906 1240 ¹,
937 1192 1049 1241 tum,
1085 1188 1133 1230 in
1161 1188 1249 1231 alio
1280 1187 1549 1245 fragmento,
1581 1201 1668 1244 quo
1703 1200 1807 1229 con-

273 1258 541 1302 cludebatur
560 1260 748 1302 fortasse
776 1274 959 1303 carmen
980 1260 1027 1302 in
1050 1258 1321 1318 Pherecydae
1341 1259 1562 1301 honorem
1585 1256 1807 1316 composi-

271 1333 368 1373 tum
391 1330 419 1382 2,
445 1345 490 1373 se
506 1330 894 1390 Pythagoreorum
918 1330 1192 1389 discipulum
1214 1330 1462 1388 profit-etur,
1481 1332 1612 1387 atque
1634 1328 1807 1371 animo-

275 1416 376 1445 rum
396 1401 728 1444 immortalitati
751 1401 911 1445 alludit
936 1416 1072 1460 quam
1100 1400 1329 1460 professus
1349 1404 1441 1444 erat
1463 1399 1741 1460 Pythagoras
1764 1414 1772 1443 :

458 1532 514 1566 Ita
534 1531 600 1566 ille
623 1531 892 1578 (Pherecydes)
914 1532 1055 1566 virtute
1077 1533 1235 1566 ornatus
1256 1533 1294 1566 et
1313 1530 1472 1577 pudore,

455 1590 516 1626 vel
538 1591 738 1634 exanimis,
757 1591 972 1636 jucundam
994 1591 1071 1637 agit
1090 1591 1219 1635 vitam,

456 1651 487 1685 si
509 1650 666 1696 quidem
686 1661 775 1685 vera
794 1650 1043 1697 Pythagoras,
1067 1650 1122 1684 vir
1142 1649 1332 1696 sapientia
1353 1659 1541 1696 superans
1562 1660 1696 1685 omnes

456 1710 647 1754 homines,
669 1710 775 1744 novit
796 1712 833 1745 et
853 1709 988 1745 didicit
1007 1711 1034 1746 3.

331 1827 554 1881 Ceterum,
580 1843 630 1871 ea
651 1844 739 1886 qua
771 1828 986 1887 praeditus
1012 1829 1150 1873 fuisse
1171 1829 1349 1872 videtur
1368 1828 1616 1871 mobilitate
1643 1828 1802 1882 animi,

271 1900 463 1943 callebat
484 1900 566 1943 Ion
587 1900 868 1958 temporibus
890 1904 931 1943 et
953 1900 1212 1944 auditorum
1234 1900 1377 1943 indoli
1399 1899 1601 1943 carmina
1629 1915 1709 1943 sua
1735 1914 1807 1943 ac-

271 1971 576 2015 commodare.
601 1972 752 2014 Testes
775 1976 880 2015 sunt
906 1987 1063 2015 versus
1084 1972 1269 2031 quidam
1297 1987 1351 2015 ex
1371 1971 1515 2031 elegia
1543 1971 1806 2030 superstites

271 2057 406 2100 quam
428 2047 582 2086 noster
608 2043 863 2102 scripserat,
888 2047 937 2087 ut
965 2044 1013 2086 in
1036 2044 1247 2087 convivio
1271 2043 1325 2087 ab
1350 2043 1642 2096 Archidamo,
1666 2043 1806 2087 Lace-

270 2112 601 2157 daemoniorum
628 2129 747 2173 rege,
782 2115 988 2158 instituto
1014 2118 1320 2159 cantarentur.
1354 2114 1466 2158 Cum
1496 2115 1701 2158 carmina
1727 2114 1806 2157 illa

271 2184 390 2242 apud
415 2199 489 2228 eos
512 2185 742 2228 recitanda
764 2190 914 2228 essent
937 2187 1029 2244 qui,
1060 2202 1084 2229 a
1107 2185 1335 2244 majorum
1358 2186 1517 2229 studiis
1539 2185 1806 2230 dissentien-

268 2258 349 2307 tes,
376 2253 471 2313 jam
506 2260 603 2299 tum
636 2257 855 2315 ingenuas
883 2262 1000 2301 artes
1038 2258 1325 2317 respuebant,
1364 2258 1586 2301 musicam
1620 2273 1806 2317 praeser-

268 2326 350 2369 tim
371 2327 401 2379 4,
424 2342 520 2385 quae
541 2327 866 2372 Lacedaemone
895 2329 1123 2387 quondam
1144 2333 1268 2373 tanta
1299 2329 1429 2373 laude
1459 2330 1686 2382 floruerat,
1710 2345 1804 2373 non

267 2401 443 2456 poterat
459 2402 613 2442 noster
630 2399 730 2442 illas
750 2400 916 2442 artium
933 2401 1219 2444 amoenitates
1235 2400 1459 2444 celebrare
1476 2400 1636 2458 quibus
1659 2400 1804 2444 delec-

269 2468 482 2512 tabantur
509 2469 826 2513 Athenienses.
852 2470 1111 2514 Revertitur
1146 2471 1283 2529 igitur
1312 2471 1598 2528 aliquatenus
1633 2469 1688 2513 ad
1721 2485 1804 2513 an-

268 2539 441 2598 tiquam
479 2540 782 2599 elegiacorum
811 2542 1068 2584 carminum
1105 2542 1318 2601 speciem,
1364 2545 1407 2585 et.
1443 2541 1498 2585 ad
1531 2541 1803 2600 Theognidis

308 2677 335 2707 1.
358 2675 557 2716 Elegiarum
577 2675 700 2717 fragm.
723 2677 752 2714 3,
776 2686 829 2717 ap.
852 2677 977 2719 Bergk.

306 2724 335 2753 2.
356 2723 580 2763 Nieberding,
602 2723 643 2753 de
657 2723 750 2754 Ionis
775 2724 864 2762 Vita,
883 2735 915 2766 p.
937 2726 984 2756 74.

266 2772 456 2849 tug'oFmg
482 2773 512 2810 4,
540 2780 594 2812 ap.
616 2771 743 2812 Bergk,
770 2772 848 2812 Lyr.
870 2782 970 2812 yroec.
996 2773 1060 2804 Pro
1086 2772 1207 2814 ἐτύμως
1227 2773 1374 2815 legimus
1397 2774 1544 2815 ἐτύμους,
1565 2775 1604 2806 ut
1623 2773 1697 2805 vult
1715 2773 1802 2805 Har-

307 2843 445 2945 izf'ide
460 2865 586 2908 Bergk,
604 2865 736 2901 Grieclz.
752 2866 895 2899 Literat.
912 2867 952 2906 II,
973 2877 1007 2910 p.
1024 2869 1100 2909 5403
1121 2869 1164 2902 cf,
1184 2869 1217 2903 P.
1241 2869 1376 2910 Girard,
1390 2863 1558 2904 l'Educat.
1574 2869 1799 2908 Athenienne,

266 2922 300 2954 p.
364 2928 365 2931 =
383 2938 390 2945 .
