2125 3534
154 416 360 455 narraret
389 412 470 456 Ion
502 429 593 458 non
628 430 677 458 ea
712 430 809 473 quw
843 417 896 459 ab
930 418 1030 460 aliis
1057 421 1315 478 accepisset,
1352 420 1426 464 sed
1461 437 1556 479 qua}
1587 424 1676 481 ipse

152 486 231 525 aut«
254 483 501 526 audivisset
531 488 607 527 aut
628 484 811 528 vidisset
842 501 849 528 :
875 487 992 530 inter
1025 504 1120 546 quw
1155 492 1390 548 permulta,
1422 496 1469 534 ut
1499 509 1674 550 {equum

155 556 235 605 est,
279 554 479 597 Cimonis
521 555 741 609 habitum,
787 572 949 611 mores,
994 574 1239 614 sermones,
1287 563 1521 619 ingenium
1564 565 1677 607 rese-

152 623 325 666 rebant.

209 694 310 747 Sed,
333 698 433 738 utut
460 710 505 737 se
528 710 579 739 ea
596 712 663 740 res
684 697 830 747 habet,
858 699 1035 757 publica
1064 701 1179 743 inter
1200 702 1399 745 Cimonis
1421 708 1459 746 et
1492 704 1677 748 Periclis

151 764 349 807 fautores
373 767 622 811 certamina
645 773 817 811 attento
840 774 971 827 atque
993 776 1165 814 ari-ech]
1193 774 1343 815 animo
1369 775 1519 817 lenem
1551 791 1677 834 spee-

152 835 314 878 tavisse
339 840 528 884 constat,
554 842 592 880 et
615 839 773 882 litteris
796 841 1080 883 n1a1nlavis<‹·
1103 845 1466 899 qua·;1111ir‹n·111n
1493 862 1676 889 suorum

151 904 331 949 laudeni
354 913 537 965 possent
566 925 745 968 augere.
775 912 908 953 Anno
938 914 1018 955 >4¹62
1053 918 1154 955 ante
1190 915 1268 957 (Ili.
1308 931 1370 962 11.,
1409 932 1511 958 enin
1540 918 1677 959 Laee-

150 976 360 1020 daeinonii
392 979 595 1023 Athenas
630 982 826 1039 legatum
859 983 1126 1027 Periclidam
1158 986 1426 1035 niis-sissent,
1457 988 1676 1030 auxilinm

150 1049 445 1107 implorantes
473 1052 687 1096 adversus
711 1054 843 1097 ilotas
870 1055 1033 1111 quibus
1072 1056 1125 1098 ad
1161 1057 1470 1100 rebellandum
1503 1059 1676 1101 animos

147 1125 411 1169 addiderant
450 1126 732 1170 calamitates
766 1125 811 1167 in
846 1126 1006 1183 quibus
1047 1126 1218 1184 Sparta,
1263 1132 1388 1170 terra·
1422 1134 1547 1171 1110111
1588 1130 1677 1171 sere

147 1211 316 1248 eversa,
348 1200 442 1240 tum
474 1196 752 1247 versabatur,
783 1200 914 1253 atque
946 1197 989 1238 in
1023 1213 1197 1240 ¹summa
1228 1198 1504 1242 dubitatione
1541 1200 1678 1242 Athe-

145 1267 328 1310 nienses
362 1267 602 1319 hawerent,
651 1270 803 1309 utrum
853 1267 1072 1325 Ephialtae
1119 1269 1307 1311 consilia
1358 1270 1581 1313 audienda
1609 1285 1678 1312 es-

147 1341 247 1381 sent
288 1338 520 1381 suadentis
562 1342 607 1381 ut
657 1338 855 1381 inimicis
892 1339 983 1381 suis
1032 1343 1071 1381 et
1125 1340 1215 1383 fere
1262 1341 1465 1384 hostibus
1511 1342 1678 1384 auxilia

147 1408 437 1466 denegarent,
488 1425 546 1453 an
590 1410 790 1453 Cimonis
826 1411 1070 1453 auctoritas
1112 1412 1352 1469 sequenda,
1398 1413 1471 1470 qui
1520 1412 1678 1455 subve-

146 1479 367 1523 niendum
413 1495 509 1523 esse
555 1480 786 1539 Spartanis
817 1485 1034 1534 censeret,
1074 1498 1153 1540 pro
1188 1487 1308 1525 certo
1344 1483 1498 1525 haberi
1533 1477 1679 1541 'potest

145 1551 302 1595 Ionem
327 1551 373 1594 in
407 1551 625 1594 concione
655 1552 848 1604 affuisse,
889 1552 935 1594 in
973 1568 1060 1610 qua
1089 1553 1486 1595 vehementissima
1517 1554 1673 1600 animi,

144 1622 325 1675 virium,
363 1622 533 1681 ingenii
565 1623 854 1666 contentione
884 1622 1210 1666 dimicaverunt
1243 1624 1358 1666 inter
1394 1640 1438 1666 se
1473 1624 1678 1667 adversa-

145 1708 245 1736 rum
272 1693 469 1752 partium
499 1693 649 1736 duces.
676 1694 841 1736 Eorum
860 1694 980 1735 enim
1003 1710 1099 1751 ‹lna›
1131 1698 1224 1737 tum
1253 1695 1322 1736 vel
1355 1694 1471 1737 dicta
1493 1695 1677 1737 velaeta

143 1768 262 1817 sunt,
291 1764 337 1807 in
368 1765 496 1808 libris
527 1765 618 1807 suis
651 1766 919 1808 memoriam
948 1771 1218 1813 servaverat,
1244 1770 1377 1823 atque
1398 1767 1533 1809 etiam
1555 1781 1676 1809 nunc

142 1834 257 1893 apud
287 1850 391 1879 eum
426 1836 676 1894 imaginem
710 1836 1089 1895 deprehendimus
1109 1837 1388 1895 gravissiniw
1425 1837 1547 1879 illius
1575 1852 1676 1879 ora-

141 1905 279 1949 tionis
302 1922 388 1964 qua
411 1906 538 1950 Cimo
561 1907 742 1950 incertae
765 1907 908 1965 plebis
930 1907 1213 1950 voluntatem
1238 1908 1531 1967 expugnavit,
1556 1908 1677 1951 cives

136 1991 241 2020 suos
273 1977 563 2020 adhortans«
601 1993 657 2020 ne
690 1977 912 2021 G1·a›ciam
944 1978 1153 2021 claudam
1184 1994 1279 2021 esse
1313 1978 1529 2030 sinerent,
1563 1992 1676 2019 neve

139 2047 316 2099 urbem,
341 2063 438 2106 quae
469 2048 660 2091 alteram
682 2047 779 2106 jugi
810 2053 981 2107 partem
1011 2049 1268 2101 sustineret,
1294 2049 1577 2107 negligerent
1603 2049 1629 2090 ¹.
1656 2067 1674 2087 »

142 2117 305 2162 Paucis
344 2122 444 2177 post
484 2119 718 2162 mensibus
760 2120 902 2172 Cimo,
929 2124 1124 2177 quatuor
1160 2120 1362 2163 millibus
1401 2119 1677 2177 hoplitarum

145 2189 400 2249 praefectUS,
459 2189 832 2233 Lacedaemonem
886 2190 1134 2243 contendit,
1180 2191 1401 2249 promissa
1446 2189 1678 2248 Spartanis

145 2261 315 2304 auxilia
335 2275 489 2304 secum
511 2260 754 2304 adducens.
805 2261 924 2303 Num
947 2261 1183 2304 Cimonem
1212 2261 1258 2303 in
1294 2261 1454 2303 itinere
1485 2260 1565 2302 Ion
1601 2275 1677 2303 co-

143 2332 331 2375 mitatus
372 2332 429 2374 sit
476 2332 702 2375 incertum
750 2335 829 2375 est.
875 2333 933 2374 At
978 2332 1310 2390 peloponesum
1346 2332 1439 2390 ipse
1478 2331 1677 2390 profecto

142 2402 301 2445 invisit
324 2404 337 2429 ²
358 2406 401 2445 et
427 2403 612 2462 propius
634 2417 731 2446 eam
755 2403 982 2446 civitatem
1006 2403 1201 2461 inspexit
1221 2401 1351 2460 cujus
1375 2417 1523 2446 mores
1544 2406 1677 2460 atque

143 2473 381 2532 ingenium
403 2473 702 2532 praedieatum
729 2488 846 2532 saepe
873 2489 898 2517 a
923 2474 1110 2517 Cimone
1128 2473 1375 2517 audiverat.
1402 2474 1458 2519 Ut
1484 2473 1673 2523 amicus,

143 2545 220 2603 qui
241 2551 450 2603 φιλολάκων
476 2545 726 2588 vocabatur
747 2546 776 2597 3,
807 2545 870 2588 sic
899 2544 980 2588 Ion
1005 2543 1455 2589 Lacedaemoniorum
1477 2542 1676 2586 indolem

185 2681 212 2711 1.
245 2679 435 2719 Plutarch,
465 2681 581 2713 Cimon
604 2680 717 2711 XXIV.
748 2679 933 2712 Concionis
962 2689 1038 2720 quae
1071 2682 1144 2712 tuin
1176 2680 1293 2711 habita
1326 2681 1378 2711 est
1409 2679 1614 2711 memoriani
1646 2679 1680 2709 et

145 2729 400 2772 Aristophanes
427 2731 462 2761 in
493 2730 699 2771 Lysislrala,
734 2738 762 2760 v.
801 2730 887 2766 1140,
922 2729 1083 2761 servavit.
1118 2729 1260 2770 Effingit
1288 2729 1440 2770 legatum
1473 2726 1678 2759 Periclidani

145 2776 360 2817 καθεζόμενον
387 2777 440 2808 ἐπὶ
461 2779 527 2811 τοῖς
549 2778 666 2818 βωμοῖς
687 2776 790 2818 ὠχρὸν
812 2776 841 2807 ἐν
864 2776 1026 2817 φοινικίδ’..

187 2824 215 2854 2.
234 2824 317 2856 Vide
332 2824 496 2865 Hesych.,
525 2834 550 2855 S.
574 2834 605 2854 v.
625 2825 766 2864 Νυμφῖον
786 2822 895 2866 ὄχθον.
921 2824 970 2855 Ex
988 2823 1064 2855 loco
1085 2823 1224 2855 laudato
1250 2825 1397 2865 apparet
1417 2823 1535 2854 Ionem
1555 2820 1678 2862 Alphei

147 2879 290 2901 cursum
309 2870 346 2902 in
366 2870 462 2902 Elide
484 2870 622 2901 vidisse.

129 2939 131 2942 .
187 2917 214 2948 3.
236 2917 423 2957 Plutarch.,
446 2918 574 2956 Cimon,
594 2917 684 2955 xvh
701 2917 812 2950 cs1V:
829 2918 1026 2958 καὶμᾶλλον
1047 2916 1125 2949 εἶναι
1146 2917 1407 2956 Πελοποννήσιον
1428 2918 1464 2949 τὸ
1486 2918 1601 2958 σχῆμα
1621 2915 1676 2952 τῆς
