2125 3534
195 402 415 444 emunctae
442 399 580 452 naris,
604 403 654 442 ut
675 398 852 451 dicitur,
876 399 997 442 viros
1024 398 1176 451 fuisse,
1201 402 1244 441 et
1270 398 1550 441 conlidentise
1577 399 1718 442 multo

193 471 295 530 plus
328 470 538 514 habuisse
572 485 707 529 quam
737 470 967 514 docti-inse.
1001 470 1222 521 Ceterum,
1256 469 1348 527 ipsa
1383 468 1719 512 educandorum

193 555 439 601 puerorum
473 541 584 584 ratio
618 556 715 599 quae
748 539 866 599 apud
900 540 1201 582 Athenienses
1233 539 1423 595 vigebat,
1461 554 1718 595 quanquam

192 612 336 655 levius
357 626 426 655 res
453 611 754 655 consideranti
778 625 870 654 non
893 610 1085 653 multum
1107 610 1326 652 absimilis
1353 609 1490 651 videri
1517 613 1659 666 potest
1680 609 1718 651 ei

191 697 326 742 quam
348 683 401 726 ab
424 682 607 726 Ionibus
625 682 872 725 adhibitam
894 696 989 724 0550
1010 680 1230 732 videmus,
1256 680 1397 722 serius
1416 684 1566 722 tamen
1589 679 1717 736 quid-

192 753 294 798 dam
325 758 367 797 et
387 754 611 797 salubrius
640 752 829 796 habebat
852 754 878 794 ¹.
904 751 1035 810 Apud
1066 751 1198 793 lonas
1220 751 1339 793 enim
1364 750 1477 793 hanc
1499 750 1580 792 sibi
1606 765 1717 807 prze-

190 825 375 884 cipuum
398 825 533 868 linem
555 838 796 883 puerorum
827 823 1063 880 disciplina
1087 822 1362 880 proponebat
1382 824 1443 872 ut,
1468 821 1560 863 sive
1582 821 1719 863 sacris

189 896 398 954 pubhcis,
431 896 524 938 sive
557 895 741 954 privatis
778 893 1112 953 epulationibus
1151 891 1482 949 jucunditatem
1522 891 1717 948 aliquam

189 967 380 1019 aflerret,
411 981 554 1024 neque
577 981 627 1009 ea
646 966 862 1023 gravitate
883 979 1085 1022 unquam
1109 964 1193 1006 suit
1213 979 1300 1021 qua
1326 963 1439 1006 bene
1464 962 1622 1005 morati
1645 966 1720 1005 aut

189 1037 303 1080 acris
325 1036 486 1095 judicii
518 1037 599 1079 viri
628 1040 810 1095 possent
839 1035 1073 1079 informari
1096 1035 1124 1077 ‘-'.
1157 1034 1282 1077 Adde
1313 1034 1447 1076 etiam
1475 1033 1719 1091 Lydiorum

189 1108 446 1160 hominum,
464 1107 634 1151 deliciis
651 1106 970 1158 diffluentium,
990 1105 1369 1164 propinquitatem
1386 1107 1428 1146 et
1443 1103 1715 1162 exemplum,

184 1178 413 1237 juventuti
445 1178 565 1221 haud
597 1178 729 1221 dubie
761 1177 1081 1236 perniciosum.
1111 1177 1411 1219 Athenienses
1436 1178 1592 1218 contra
1622 1190 1718 1218 ma-

188 1249 331 1308 gistri,
370 1249 497 1306 quasi
533 1249 649 1291 inter
682 1264 756 1291 eos
790 1248 1090 1300 convenisset,
1127 1263 1283 1291 curare
1317 1246 1586 1290 videbantur
1614 1250 1662 1289 ut
1697 1261 1719 1289 0

188 1319 438 1379 gymnasiis
469 1335 560 1362 non
595 1321 723 1363 vanis
751 1320 920 1362 artibus
951 1323 993 1362 et
1022 1319 1233 1362 omnibus
1255 1317 1489 1375 elegantiis
1517 1317 1717 1360 exornati

187 1390 494 1434 adolescentes
524 1391 780 1443 evaderent,
805 1391 896 1443 sed,
922 1390 1201 1448 aequabiliter
1225 1388 1555 1447 ‹piodanimodo
1578 1388 1719 1431 auctis

187 1461 327 1506 animi
357 1462 647 1520 corporisque
678 1462 864 1515 viribus,
895 1462 1030 1511 cives,
1069 1461 1279 1519 gravibus
1313 1460 1446 1501 simul
1477 1463 1519 1501 et
1546 1458 1720 1521 decoris

185 1532 396 1576 instructi
427 1533 630 1576 moribus
660 1547 668 1575 ς
694 1548 827 1590 quam
854 1533 1052 1591 profecto
1086 1532 1373 1590 disciplinam
1403 1546 1522 1573 same
1555 1529 1720 1573 mentis

187 1608 359 1663 patrem
383 1605 630 1662 praetulisse
653 1619 745 1647 non
768 1605 934 1647 mirum
957 1608 1038 1647 est.

245 1674 363 1727 Quid
393 1677 526 1718 vero?
555 1675 911 1719 adolescentium
934 1691 1037 1718 vere
1059 1674 1261 1733 magistri
1291 1678 1386 1717 tum
1405 1673 1492 1717 dici
1514 1676 1722 1732 poterant

185 1761 278 1789 non
308 1746 338 1788 ii
365 1747 441 1804 qui
468 1746 515 1788 in
543 1746 710 1789 scholis
738 1750 959 1805 pra¹cepta
983 1745 1164 1798 dabant,
1190 1744 1265 1788 sed
1287 1745 1431 1788 multo
1454 1744 1598 1803 magis
1619 1744 1719 1802 qui-

185 1831 378 1875 cumque
406 1817 452 1859 in
474 1818 653 1861 civitate
674 1818 757 1861 viri
779 1818 943 1861 virtute
965 1832 1046 1860 sua
1075 1820 1152 1860 aut
1181 1816 1353 1875 ingenii
1382 1816 1524 1875 gloria
1545 1815 1719 1858 emine-

184 1888 293 1932 bant
310 1902 318 1930 :
337 1887 392 1930 ad
413 1903 607 1945 quorum
625 1889 855 1947 exemplar
869 1903 964 1931 sese
980 1902 1134 1945 regere
1151 1886 1340 1945 juvenes
1360 1890 1651 1930 assueverant
1672 1890 1721 1929 ut

184 1973 342 2001 eorum
374 1958 530 2001 laudes
559 1959 847 2002 imitarentur
876 1959 969 2002 sive
996 1959 1042 2001 in
1071 1957 1314 2001 tractandis
1345 1957 1476 2001 rebus
1508 1957 1717 2016 publicis,

184 2029 278 2072 sive
296 2029 343 2071 in
364 2029 553 2083 theatro,
573 2030 667 2073 sive
688 2030 736 2072 in
757 2030 845 2073 alio
868 2031 1120 2073 litterarum
1143 2044 1306 2088 genere
1326 2029 1443 2072 vires
1462 2044 1565 2072 suas
1587 2043 1721 2087 expe-

185 2100 263 2144 riri
290 2100 494 2144 mallent.
532 2101 632 2153 Qua
664 2116 769 2144 vero
810 2102 857 2144 in
891 2101 1069 2144 civitate
1098 2101 1248 2159 plures
1279 2104 1375 2143 tum
1409 2100 1607 2143 illustres
1635 2099 1721 2143 viri

185 2171 496 2225 occurrebant,
527 2187 663 2230 quam
696 2172 902 2225 Athenis,
940 2188 1038 2230 quse
1071 2175 1285 2230 tanquam
1315 2170 1472 2214 florida
1503 2171 1717 2224 novitate,

184 2247 285 2303 post
304 2243 516 2287 victorias
546 2259 664 2296 suaS,
690 2247 993 2297 renascentes,
1019 2244 1066 2286 in
1097 2258 1142 2286 50
1166 2242 1263 2301 jam
1290 2242 1514 2286 universae
1537 2241 1720 2285 Graeciae

185 2315 342 2358 oculos
371 2315 710 2367 convertebant,
736 2319 778 2358 et
806 2315 860 2358 ad
889 2330 950 2367 se,
976 2315 1100 2357 velut
1124 2313 1179 2357 ad
1199 2323 1412 2371 πανήγυριν,
1437 2313 1721 2356 attrahebant

186 2384 403 2443 quidquid
447 2385 495 2428 in
527 2386 633 2429 orbe
669 2390 764 2429 erat
796 2385 1072 2438 divitiarum,
1108 2385 1280 2445 ingenii
1314 2388 1357 2428 ot
1392 2384 1538 2427 laudis
1571 2384 1720 2427 omnis

185 2455 392 2514 generis?
414 2455 466 2498 In
496 2471 583 2514 qua
603 2456 691 2498 alia
718 2456 960 2508 invenires,
985 2458 1035 2498 ut
1055 2455 1108 2499 de
1129 2456 1308 2515 magnis
1327 2455 1517 2499 ducibus
1545 2455 1716 2512 loquar,

186 2527 378 2570 alterum
404 2527 771 2581 Themistoclem,
804 2527 1068 2580 Aristidem,
1103 2527 1361 2579 Cimonem;
1396 2530 1445 2570 ut
1474 2526 1526 2569 de
1558 2526 1717 2585 poetis,

185 2598 378 2641 alterum
398 2598 684 2658 AEschylum,
709 2598 903 2641 alterum
925 2598 1235 2641 Simonidem?
1255 2599 1315 2641 At
1344 2598 1608 2656 praesertim,
1634 2612 1720 2655 quo

185 2668 300 2712 nihil
318 2668 505 2713 advenis
523 2668 774 2727 jucundius
793 2684 888 2713 esse
911 2673 1098 2728 poterat,
1120 2669 1323 2712 Athenas
1341 2667 1722 2712 commendabant

228 2812 256 2842 1.
277 2810 363 2843 Vide
382 2810 465 2841 Paul
485 2810 620 2849 Girard,
643 2811 860 2843 L'e‘clzccacion
879 2811 1093 2843 Atlze‘nienne
1114 2821 1160 2843 cm
1180 2816 1231 2842 1v⁰
1249 2813 1281 2842 et
1301 2820 1347 2842 (zu
1371 2816 1407 2840 ve
1426 2809 1556 2841 stactes.

226 2859 255 2888 2.
285 2857 361 2890 Vid.
385 2857 602 2898 Bernhardy,
625 2858 775 2892 Grundr.
795 2860 857 2893 der
877 2859 1005 2900 (Ji-iech.
1024 2859 1184 2892 Litterae.
1207 2858 1230 2891 Ι.
1254 2858 1321 2891 vol.
1347 2858 1464 2901 (1876),
1486 2867 1519 2899 p.
1541 2857 1592 2896 64,
1615 2865 1719 2898 quem

188 2904 244 2937 hic
264 2904 388 2937 ducem
412 2905 602 2947 sequimur.
