2125 3534
867 251 1095 295 —59—

219 366 273 410 In
297 365 560 425 fragmentis
595 379 701 408 vero
735 364 844 407 vitia
868 366 1112 423 przeserlim
1143 365 1386 423 conspicua
1413 367 1513 406 sunl
1541 377 1548 405 :
1578 361 1738 420 quibus

218 452 516 481 annumerare
543 450 784 495 possumus
805 450 1004 478 amorem
1029 437 1221 479 nimium
1248 452 1315 479 res
1344 450 1420 494 per
1443 450 1487 477 se
1515 434 1739 492 simplices

218 523 383 567 magno
418 508 659 551 verborum
694 506 866 549 ambiiu
899 507 1312 560 circumscribendi,
1349 507 1383 548 si
1419 504 1550 548 niodo
1581 520 1632 546 ex
1673 505 1740 547 his

219 579 437 624 Pleoenicis
458 578 660 622 versibus
677 576 900 635 judicium
928 578 1116 621 facimus
1140 592 1146 620 :

359 685 528 726 Quercus
548 694 609 718 me
630 682 747 718 sudor

362 746 400 778 et
420 743 595 778 fruticem
618 742 881 785 magnitudine
901 741 1083 788 (wquans)
1107 743 1207 784 virga
1224 746 1261 776 et
1281 741 1451 787 [Egyptia

363 802 497 848 pascit,
522 813 565 836 ex
584 801 662 837 11110
684 801 810 845 dueta,
831 803 946 836 vestis
967 802 1157 836 venationi
1180 805 1267 847 1111111
1285 802 1419 847 pedii-a
1441 801 1466 835 ¹.

224 911 326 956 Istis
355 912 618 970 ambagibus
646 911 898 970 significare
922 915 1049 970 poeta
1072 913 1213 956 voluit
1233 914 1418 972 aucupis
1445 914 1745 955 instrumenta

223 983 385 1041 quibus
406 983 543 1026 vitam
566 983 649 1026 sibi
671 983 830 1041 qucrrit
845 996 852 1025 :
870 983 991 1025 visco
1014 984 1180 1027 scilice!
1202 985 1361 1027 oldilas
1385 985 1530 1042 virgas
1552 987 1594 1026 ei
1616 983 1742 1025 retia.

221 1053 375 1112 Longe
402 1053 496 1097 haee
519 1053 683 1097 absunt
703 1069 727 1096 a
755 1054 990 1112 Sophoclis
1015 1055 1261 1099 Philoctetae
1283 1056 1543 1098 subtilitate.

280 1124 509 1167 Hactenus
526 1139 624 1176 neS,
649 1124 724 1182 qui
742 1124 863 1167 Ionis
882 1124 1202 1183 iragoediarum
1223 1127 1376 1169 ruinas
1404 1130 1592 1177 tantum,
1618 1128 1665 1167 ut
1684 1124 1742 1167 iia

223 1193 388 1246 dicam,
412 1198 514 1237 ante
537 1194 719 1238 occulos
741 1194 975 1247 habemus,
1006 1195 1058 1237 de
1080 1200 1207 1253 poeta
1226 1195 1497 1252 judicamus.
1521 1198 1617 1248 Qua
1640 1209 1744 1237 vero

224 1263 309 1307 fuit
329 1263 447 1323 apud
468 1264 772 1317 Aristarchos‚
798 1265 960 1322 quibus
988 1266 1158 1323 integra
1193 1266 1290 1323 ejus
1323 1282 1455 1325 opera
1488 1267 1633 1323 legere
1671 1265 1748 1307 da-

224 1338 321 1378 tum
343 1338 423 1388 est,
460 1335 633 1394 gratia?
656 1336 750 1380 Viri
782 1336 912 1379 samse
945 1337 1116 1389 nocuit,
1147 1338 1263 1395 quod
1298 1338 1486 1381 annulos
1517 1337 1671 1381 hahuit
1704 1337 1750 1378 in

227 1408 320 1448 arte
356 1420 437 1449 sua
471 1420 674 1448 summos
704 1409 872 1463 poetas,
904 1406 1065 1463 quihus
1103 1408 1431 1465 praaestantiores
1464 1422 1609 1465 neque
1642 1421 1752 1465 gens

225 1490 371 1534 neque
392 1480 498 1520 aetas
524 1476 623 1519 tulit
641 1492 854 1534 unquam,
878 1492 1024 1534 neque
1048 1478 1170 1520 feret.
1193 1497 1211 1517 «
1234 1478 1365 1530 Quid,
1385 1478 1445 1521 ait
1460 1478 1692 1535 Longinus
1715 1479 1749 1529 ²,
1810 1495 1815 1505 ·

225 1561 337 1590 num
352 1547 400 1589 in
415 1546 691 1590 carminibus
707 1548 1033 1606 componendis
1045 1549 1337 1608 Bacchylides
1354 1564 1449 1591 esse
1466 1548 1595 1590 malis
1612 1560 1746 1604 quam

227 1617 478 1661 Pindarus?
498 1618 550 1661 In
569 1618 792 1677 ‚tragoedia
821 1634 925 1663 vero
954 1619 1033 1661 Ion
1062 1620 1200 1662 Chius
1230 1635 1379 1678 quam,
1404 1618 1580 1662 medius
1602 1617 1748 1670 fidius,

226 1689 486 1748 Sophocles,
508 1689 626 1747 quod
642 1690 706 1731 illi
729 1689 910 1748 quidem
929 1690 1024 1732 siue
1047 1690 1223 1733 macula
1244 1694 1285 1732 et
1303 1691 1349 1732 in
1371 1689 1566 1748 expolito
1588 1702 1751 1746 genere

225 1760 378 1804 o'mnia
414 1760 749 1819 elegantissime
781 1761 1057 1819 seripserunt
1080 1762 1108 1813 ³,
1142 1760 1362 1804 Pindarus
1397 1764 1548 1803 autem
1589 1762 1631 1801 et
1671 1758 1752 1800 So-

225 1831 409 1890 phocles
435 1834 547 1883 tum,
577 1834 627 1874 ut
660 1831 720 1873 ita
753 1831 917 1884 dicam,
940 1831 1189 1874 incendunt
1225 1832 1377 1874 onmia
1407 1831 1591 1889 spiritus
1630 1829 1673 1871 vi
1713 1832 1755 1870 et

224 1901 410 1960 impetu⁷
433 1905 531 1945 tum
552 1906 707 1945 eontra
728 1902 918 1945 absurde
958 1906 1001 1945 et
1021 1918 1152 1960 saepe,
1177 1903 1397 1946 exstincta
1420 1904 1601 1944 flamma
1624 1900 1753 1957 inge-

223 1973 302 2026 nii,
328 1972 990 2017 caduntinfelicissimi‘?Nemo
1013 1974 1228 2032 profecto,
1255 1975 1290 2017 si
1313 1973 1446 2017 modo
1471 1974 1621 2014 mente
1645 1985 1755 2013 sana

227 2044 298 2097 sit,
332 2044 485 2088 omnia
520 2044 676 2087 ordine
704 2044 824 2086 Ionis
857 2059 992 2102 opera
1024 2045 1071 2086 in
1104 2059 1248 2087 unum
1279 2046 1469 2089 collecta
1502 2041 1613 2087 tanti
1643 2041 1758 2084 111511-

227 2118 334 2169 met,
370 2115 526 2173 quanti
549 2129 687 2158 unam
712 2114 975 2173 tragoediam
1009 2114 1248 2174 OEclc'pzcm.
1274 2135 1293 2155 »
1327 2116 1442 2160 Hinc
1475 2117 1756 2160 0111001011ίί-

229 2186 409 2244 quitatis
429 2186 608 2230 criticos
630 2186 749 2228 viros
775 2185 1101 2228 existimavisse
1129 2186 1308 2229 easdem
1331 2186 1422 2229 fere
1456 2187 1502 2229 in
1535 2187 1754 2246 tragoedia

229 2257 350 2301 Ionis
370 2257 559 2301 virtutes
581 2272 691 2309 esse,
715 2256 877 2315 quibus
896 2255 1191 2314 Bacchylides
1219 2256 1266 2298 in
1290 2255 1432 2314 lyrico
1453 2270 1619 2313 genere
1641 2256 1754 2298 emi-

230 2332 420 2373 nuerat:
443 2332 536 2372 arte
557 2328 702 2387 magis
724 2342 859 2387 quam
885 2341 1002 2372 vena
1035 2327 1210 2381 divites,
1234 2326 1365 2370 nitidi
1392 2326 1523 2371 ambo
1558 2330 1601 2371 et
1631 2327 1755 2371 flori-

269 2478 297 2510 1.
317 2477 455 2519 Fragm.
476 2479 514 2509 40
534 2476 692 2519 (Nauck).

267 2527 296 2557 2.
321 2526 512 2567 Longinus,
534 2526 608 2566 περὶ
628 2525 738 2565 ὕψους,
757 2524 794 2555 33
813 2532 821 2561 ;

265 2574 293 2604 3.
322 2573 400 2605 Νο11
419 2573 563 2604 0111111110
587 2571 750 2613 congruit
773 2571 837 2602 hoe
861 2569 1009 2611 Longini
1027 2567 1200 2610 judicium
1227 2577 1307 2600 cum
1325 2565 1639 2610 grammaticorum
1656 2562 1758 2597 testi-

224 2620 366 2659 moniis,
391 2630 408 2652 e
432 2620 560 2661 quibus
584 2620 731 2661 apparet
752 2618 869 2649 Ionem
895 2618 937 2648 iis
967 2617 1110 2648 vocibus
1134 2616 1310 2648 interdum
1335 2624 1437 2646 usum
1461 2624 1536 2645 esse
1561 2622 1638 2654 quae
1656 2622 1759 2654 pere-

224 2667 427 2708 grinitatem
448 2669 613 2699 sonarent
632 2668 692 2697 aut
710 2665 853 2697 insolita
875 2664 1023 2705 ideoque
1044 2663 1262 2695 subobscura
1285 2664 1402 2694 essent
1427 2662 1563 2703 (fragm.
1589 2662 1626 2699 43
1646 2661 1681 2697 8;
1704 2660 1759 2698 163

229 2715 285 2753 31;
314 2716 369 2753 353
394 2716 445 2752 43,
470 2714 563 2756 apud
591 2713 744 2751 Nauck);
767 2712 975 2753 exquisitius
1000 2711 1160 2752 quaedffln
1184 2711 1321 2742 dixerat
1344 2711 1481 2750 (fragm.
1505 2709 1540 2746 ῖς
1558 2708 1597 2738 48
1614 2708 1635 2747 3)
1659 2706 1761 2748 plura

231 2771 356 2803 parum
381 2761 523 2803 proprie
547 2760 684 2802 (fragm.
710 2761 770 2798 143
792 2759 847 2797 173
874 2759 927 2797 193
949 2760 1007 2797 323
1029 2760 1099 2797 37);
1125 2759 1312 2790 verborum
1335 2757 1439 2789 etiarn
1459 2765 1588 2797 genera
1610 2755 1702 2786 inter
1725 2763 1761 2785 se

234 2808 277 2840 ab
297 2818 337 2840 eo
360 2809 507 2840 confusa
524 2809 624 2840 erant
644 2808 779 2848 (fragm.
800 2807 858 2843 253
886 2807 944 2844 263
966 2807 1021 2843 33;
1042 2806 1104 2847 34).
1126 2807 1191 2838 Eas
1212 2805 1378 2837 nimirum
1403 2803 1581 2845 Longinus
1606 2800 1760 2833 maculas

236 2856 384 2888 leviores
408 2865 484 2888 esse
522 2855 712 2887 arbitratus
737 2854 801 2893 est,
824 2853 952 2894 quibus
979 2853 1086 2885 totius
1115 2853 1230 2895 operis
1261 2861 1399 2885 sumina
1420 2851 1479 2883 vix
1502 2849 1757 2892 inquinaretur.
