2125 3534
540 2828 569 2861 1.
592 2826 794 2870 Elegiarum
823 2827 1021 2871 fragmenta
1051 2827 1143 2867 dedi,
1170 2826 1289 2868 qualia
1315 2825 1424 2859 edidit
1445 2825 1573 2868 Bergk,
1594 2824 1708 2870 Lyricz'
1737 2823 1855 2863 Graeci,
1877 2833 1960 2867 pars
1992 2823 2035 2863 11,

498 2873 566 2907 vol.
589 2875 618 2907 1,

902 662 1092 718 IONIS
1146 664 1586 719 FRAGMENTA

1106 1005 1326 1038 ΕΛΕΓΕΙΑ
1356 1001 1382 1039 ¹.

1238 1120 1258 1157 1

756 1184 996 1236 Θυρσοφόροις
1019 1183 1109 1235 μέγα
1126 1182 1328 1235 πρεσὸεύων
1351 1184 1516 1225 Διόνυσος
1533 1199 1540 1206 ·

792 1249 879 1295 αὕτη
903 1250 971 1300 γὰρ
991 1249 1165 1301 πρόφασις
1190 1248 1423 1285 παντοδαπῶν
1446 1250 1595 1300 λογίων,

690 1314 727 1350 αἵ
746 1329 784 1351 τε
804 1315 1045 1360 Πανελλήνων
1065 1315 1191 1366 ἀγοραὶ
1210 1315 1329 1352 θαλίαι
1349 1329 1387 1350 τε
1407 1315 1581 1361 ἀνάκτων,

796 1378 828 1422 ἐξ
848 1381 888 1416 οὗ
909 1378 1111 1431 βοτρυόεσσ’
1131 1380 1226 1421 οἰνὰς
1244 1380 1455 1432 ὑποχθόνιον

690 1446 842 1497 πτόρθον
865 1444 1091 1497 ἀνασχομένη
1113 1445 1252 1496 θαλερῷ
1274 1443 1442 1487 ἐπτύξατο
1462 1447 1573 1497 πήχει

799 1510 938 1561 αἰθέρος
959 1525 966 1532 ·
988 1510 1183 1562 ὀφθαλμῶν
1205 1509 1236 1546 δ’
1255 1509 1412 1561 ἐξέθορον
1433 1511 1575 1546 πυκινοί

692 1575 815 1616 παῖδες
833 1578 1044 1628 φωνήεντες,
1075 1575 1155 1611 ὅταν
1173 1575 1264 1625 πέσῃ
1286 1574 1398 1616 ἄλλος
1423 1574 1476 1612 ἐπ’
1497 1574 1614 1624 ἄλλῳ,

804 1642 887 1692 πρὶν
910 1639 946 1677 δὲ
968 1644 1148 1677 σιωπῶσιν
1171 1656 1178 1663 ·
1201 1641 1422 1689 παυσάμενοι
1443 1639 1480 1676 δὲ
1502 1641 1590 1690 βοῆς

695 1706 819 1758 νέκταρ
841 1706 1060 1757 ἀμέλγονται
1081 1706 1187 1754 μόνον
1210 1703 1333 1743 ὄλὸιον
1353 1705 1604 1757 ἀνθρώποισιν,

806 1770 904 1813 ξυνὸν
924 1774 986 1807 τοῦ
1002 1771 1140 1823 χαίρειν
1163 1771 1346 1823 φάρμακον
1369 1770 1538 1823 αὐτοφυές
1559 1786 1566 1793 ·

695 1841 756 1874 τοῦ
779 1837 899 1874 θαλίαι
918 1837 1006 1888 φίλα
1021 1835 1125 1872 τέκνα
1142 1836 1401 1888 φιλοφροσύναι
1420 1851 1458 1872 τε
1474 1836 1580 1888 χοροί
1596 1850 1633 1872 τε
1656 1851 1663 1858 ·

799 1906 870 1938 τῶν
893 1901 923 1938 δ’
946 1902 1087 1952 ἀγαθῶν
1111 1901 1276 1951 βασιλεὺς
1296 1901 1390 1942 οἶνος
1410 1899 1518 1944 ἔδειξε
1539 1901 1655 1953 φύσιν.

696 1972 752 2016 Τῷ
771 1967 825 2015 σύ,
845 1967 955 2018 πάτερ
978 1967 1135 2014 Διόνυσε,
1158 1967 1466 2019 φιλοστεφάνοισιν
1485 1965 1642 2018 ἀρέσκων

802 2031 983 2084 ἀνδράσιν,
1002 2032 1163 2081 εὐθύμων
1186 2033 1393 2081 συμποσίων
1411 2032 1577 2083 πρύτανι,

697 2103 802 2151 χαῖρε
823 2113 830 2120 ·
855 2097 953 2134 δίδου
972 2096 1001 2133 δ’
1021 2098 1147 2144 ἀὶῶνα,
1166 2097 1287 2135 καλῶν
1307 2097 1476 2148 ἐπιήρανε
1496 2095 1627 2149 ἐ’ργων,

801 2164 914 2200 πίνειν
935 2163 994 2199 καὶ
1014 2163 1151 2207 παίζειν
1171 2163 1229 2199 καὶ
1250 2163 1293 2199 τὰ
1314 2161 1431 2199 δίκαια
1451 2166 1606 2214 φρονεῖν.

1249 2247 1272 2275 c)

1251 2273 1273 2284 ..

702 2312 862 2364 Χαιρέτω
883 2312 1056 2364 ἡμέτερος
1076 2312 1241 2362 βασιλεὺς
1260 2314 1379 2363 σωτήρ
1399 2326 1437 2348 τε
1453 2313 1571 2363 πατήρ
1592 2325 1630 2347 τε
1653 2326 1660 2333 ·

807 2381 896 2427 ἡμῖν
919 2377 955 2414 δὲ
973 2376 1124 2430 κρητῆρ’
1144 2377 1303 2430 οἰνοχόοι
1324 2377 1470 2428 θέραπες

702 2443 896 2495 κιρνάντων
915 2443 1146 2495 προχύταισιν
1169 2443 1202 2479 ἐν
1224 2442 1412 2494 ἀργυρέοις
1435 2457 1442 2464 ·
1467 2443 1484 2477 ὁ
1504 2440 1540 2477 δὲ
1559 2441 1691 2494 χρυσός

810 2509 904 2544 οἶνον
925 2507 1018 2560 ἐ’χων
1038 2512 1170 2560 χειρῶν
1192 2507 1316 2551 νιζέτω
1335 2508 1382 2548 εἷς
1398 2506 1526 2559 ἔδαφος
1549 2521 1557 2528 ·

707 2572 910 2614 σπένδοντες
931 2572 960 2609 δ’
981 2575 1097 2624 ἁγνῶς
1115 2572 1284 2625 Ἡρακλέϊ
1302 2571 1332 2609 τ’
1352 2573 1531 2621 Αλκμήνῃ
1551 2586 1590 2608 τε

810 2637 967 2690 Προκλέι·
985 2638 1189 2690 Περσείδαις
1207 2637 1238 2675 τ’
1260 2638 1298 2674 ἐκ
1318 2638 1397 2679 Διὸς
1417 2637 1614 2689 ἀρχόμενοι

705 2704 880 2753 πίνωμεν,
899 2704 1083 2753 παίζωμεν
1100 2719 1107 2726 ·
1122 2702 1186 2740 ἰ’τω
1209 2702 1266 2740 διὰ
1285 2703 1408 2744 νυκτὸς
1425 2700 1546 2749 ἀοιδή,

2122 2817 2125 2846 i
