2125 3534
758 285 987 326 —15—

110 395 264 436 nostro
292 393 457 436 librum
480 393 732 451 scripserat,
758 394 1068 451 intelligimus,
1102 396 1180 438 Ille
1211 397 1330 439 enim
1364 396 1519 439 iisdem
1545 397 1632 439 sere

110 463 279 515 verbis,
317 464 476 521 quibus
511 465 710 507 Cimonis
740 469 896 508 natura
933 466 1107 524 ‹lepirta
1143 472 1227 514 est,
1265 468 1315 510 ad
1357 468 1634 525 el'lingemlos

110 533 233 577 Ionis
256 549 402 577 mores
421 536 589 578 utitur:
614 543 824 594 φιλοπότης,
852 537 1010 593 inquit,
1041 538 1115 580 lon
1139 543 1227 580 erat
1256 540 1280 580 ¹.
1300 539 1506 581 „lilianus
1529 554 1635 596 quo-

110 619 196 662 que
213 605 343 649 tradit
367 606 521 649 Ionem
540 607 914 665 intemperantem
935 607 987 649 ad
1010 608 1251 651 bibendum
1269 626 1313 651 se
1336 609 1581 652 ostendisse
1604 610 1632 650 ².

110 676 225 719 Huic
247 691 352 720 vero
375 678 551 720 crimini
574 693 683 721 num
706 678 810 735 quid
834 679 924 720 veri
948 679 1113 721 inesset
1142 680 1183 721 in
1209 680 1393 723 dubium
1421 694 1635 722 vsu-avere

111 746 316 804 quidam,
341 748 457 791 inter
478 764 588 806 quos
610 749 862 792 Sclioellius
886 749 998 791 nihil
1020 750 1138 792 aliud
1169 751 1348 792 Batonis·
1370 755 1445 794 aut.
1469 749 1635 792 ⁴liliani

109 818 258 861 verbis
291 819 534 877 significari
566 824 706 878 putat,
741 820 775 861 si
804 820 902 877 quis
935 820 1041 862 velit
1071 820 1122 863 ad
1160 826 1358 864 veterum
1400 826 1635 864 auctorum

110 890 334 933 scribendi
356 905 529 934 morem
552 890 796 938 attendere,
822 891 904 933 nisi
926 891 1080 934 Ionem
1104 892 1149 933 in
1169 893 1442 935 carminibus
1470 892 1561 934 ¹suis
1585 890 1636 932 de

110 961 499 1019 propinationibus
539 966 581 1004 et
625 962 845 1005 conviviis
896 978 1010 1021 swpe
1061 964 1228 1019 egisse.
1276 979 1420 1021 neque
1468 962 1637 1005 liaben-

110 1031 212 1074 dam
236 1032 454 1075 rationem
477 1047 572 1075 esse
600 1032 973 1091 fragmentorum,
1005 1049 1108 1076 cum
1137 1050 1187 1076 ea
1215 1035 1304 1077 sere
1334 1034 1484 1076 onmia
1509 1032 1637 1075 nobis

108 1102 443 1160 ascriptoribus
471 1103 634 1146 tradita
664 1105 769 1151 sint,
795 1104 870 1161 qui
902 1105 1023 1146 soliti
1052 1105 1139 1147 sint
1171 1104 1268 1161 ejus
1298 1106 1475 1163 generis
1503 1118 1637 1161 argu-

107 1176 262 1215 menta
285 1173 330 1215 in
353 1174 478 1217 libris
499 1174 592 1217 suis
608 1174 689 1233 ipsi
710 1179 899 1218 tractare
923 1176 951 1217 ³.
978 1175 1094 1226 Quid
1118 1179 1252 1218 vero?
1270 1177 1405 1217 verbo
1422 1181 1635 1233 φιλοπότης,

108 1247 187 1286 aut
206 1243 373 1287 [Ellani
395 1244 492 1287 lOCO
514 1250 615 1286 αὐτόν
638 1266 720 1302 φασι
742 1253 820 1303 περὶ
841 1253 900 1288 τὸν
931 1254 1024 1288 οἶνον
1047 1253 1204 1303 ἀκρατῶς
1226 1251 1333 1303 ἔχειν,
1356 1246 1469 1288 nillil
1494 1246 1638 1289 anS'SO

110 1313 228 1372 quod
250 1314 304 1357 ad
326 1314 447 1357 Ionis
474 1329 622 1358 mores
650 1316 873 1374 pertineat
901 1317 999 1374 quis
1029 1321 1095 1360 est
1128 1316 1201 1374 qui
1232 1318 1386 1373 putet?
1404 1316 1512 1367 Quis
1536 1332 1637 1374 pos-

111 1385 169 1427 sit
188 1385 461 1428 contendere
488 1386 573 1429 ista
601 1386 652 1429 de
676 1386 853 1439 litteris,
875 1388 927 1430 de
951 1388 1203 1431 carminum
1233 1387 1512 1445 argumentis
1541 1391 1639 1429 tan-

110 1459 208 1498 tum
236 1470 331 1499 csse
357 1455 506 1499 dieta?
535 1457 665 1509 Quod
692 1458 727 1499 si
757 1465 951 1507 ἀκόλαστος
980 1463 1021 1501 et
1046 1466 1243 1517 φιλοπότης
1267 1459 1302 1500 is
1327 1457 1428 1515 jure
1454 1462 1641 1500 vocatur

111 1527 187 1585 qui
214 1527 443 1570 Bacchum
471 1531 515 1570 et
546 1529 781 1578 Venerem,
807 1530 987 1573 Baccho
1015 1531 1111 1588 ipse
1131 1534 1173 1572 et
1195 1530 1369 1572 Venere
1391 1529 1636 1573 abstinens.

111 1598 386 1642 carminibus
413 1598 505 1641 suis
527 1599 737 1651 celebrat,
763 1601 862 1658 quis
888 1615 1085 1658 unquam
1115 1600 1292 1657 dignior
1314 1599 1484 1641 exstitit
1505 1614 1639 1657 quam

109 1669 366 1722 Anacreon,
391 1670 468 1727 qui
490 1670 575 1713 hoc
602 1671 786 1714 nomine
811 1672 1129 1730 appellaretur,
1155 1670 1284 1728 cujus
1315 1675 1463 1714 lamen
1492 1684 1640 1712 mores

108 1739 163 1783 ab
183 1740 365 1784 AEliano
396 1741 493 1799 ipso
524 1741 585 1784 ita
616 1742 821 1785 videmus
845 1742 1039 1790 defendi,
1066 1746 1113 1786 ut
1144 1742 1399 1785 moderatos
1430 1744 1471 1783 et
1502 1740 1637 1797 frugi.

110 1829 130 1851 «
149 1810 234 1854 Per
252 1811 357 1855 deos
379 1812 675 1865 immortales,
696 1813 858 1871 inquit,
877 1828 932 1855 ne
951 1814 1048 1871 quis
1072 1813 1123 1855 de
1139 1813 1244 1855 Teio
1268 1816 1397 1870 poeta
1419 1812 1639 1855 maledice

110 1882 251 1936 dicat3
282 1887 437 1926 caveat
464 1883 564 1941 quis
594 1898 650 1927 ne
682 1899 784 1927 eum
821 1884 1183 1942 intemperantia}
1210 1887 1368 1941 arguat
1387 1884 1425 1925 ⁴²1
1463 1902 1481 1922 »
1514 1882 1640 1925 Plato

107 1957 258 1998 autem
286 1954 497 1998 eumdem
520 1958 700 2013 poetam
728 1961 832 2013 σοφόν
865 1955 1091 2013 appellare
1124 1969 1216 1997 non
1241 1953 1512 1997 dubitavit5.
1538 1954 1642 1996 Ete-

107 2025 204 2069 nim
228 2040 284 2068 nc
313 2028 488 2068 veteres
510 2025 691 2083 quidem
713 2025 914 2084 fugiebat
940 2040 1032 2068 non
1060 2040 1237 2083 semper
1267 2025 1378 2067 tales
1408 2027 1642 2083 poetarum

109 2111 260 2140 mores
282 2111 394 2149 esse,
419 2096 571 2154 qualia
592 2101 721 2139 erant
741 2097 996 2139 carminum
1019 2099 1302 2155 argumenta,
1327 2110 1473 2153 neque
1502 2095 1643 2138 ullam

114 2182 298 2211 causam
318 2167 522 2211 invenire
544 2182 616 2211 me
640 2168 797 2220 fateor,
822 2182 903 2211 cur
937 2167 989 2210 de
1018 2167 1196 2226 scriptis
1218 2181 1375 2210 eorum
1407 2165 1525 2209 dicta
1549 2180 1644 2208 esse

114 2238 278 2296 aliquis
307 2239 546 2297 intelligat,
572 2254 669 2297 quae
701 2239 753 2282 de
789 2253 944 2281 eorum
978 2238 1128 2281 indole
1161 2238 1244 2281 viri
1268 2237 1411 2282 critici
1445 2237 1645 2295 protule-

114 2314 234 2354 runt.
272 2309 403 2362 Quod
432 2311 468 2353 si
501 2325 593 2354 non
623 2310 745 2353 Ionis
772 2325 951 2354 morum
984 2310 1193 2368 gravitati
1226 2309 1502 2361 adversatur,
1526 2306 1645 2366 quod

158 2501 186 2532 1.
210 2500 411 2535 Athenaeus.
434 2501 472 2539 X,
492 2501 563 2539 436,
589 2500 611 2532 f.

155 2549 185 2580 2.
206 2549 371 2587 AElianus,
402 2548 479 2580 Var.
504 2549 632 2579 Histor.
655 2547 697 2585 ΙΙ,
718 2548 767 2585 41,
788 2548 806 2577 4
832 2557 838 2578 ;
859 2546 955 2578 αὐτὸν
986 2556 1062 2588 φασι
1089 2547 1161 2588 περὶ
1184 2547 1239 2577 τὸν
1263 2543 1346 2576 οἶνον
1377 2544 1521 2586 ἀκρατῶς
1547 2542 1644 2584 ἔχειν.

115 2596 238 2629 AEliani
264 2597 505 2629 testimonium
528 2606 566 2628 eo
588 2597 756 2636 majorem
780 2595 1024 2626 auctoritatem
1054 2594 1140 2625 mihi
1167 2594 1293 2625 habere
1320 2593 1470 2629 videtur,
1490 2590 1584 2631 quod
1612 2589 1648 2620 in

118 2644 195 2676 loco
216 2645 359 2677 laudato
380 2654 437 2677 eos
459 2645 595 2676 tantum
625 2644 783 2675 recenset
802 2642 863 2684 qui
884 2643 1028 2683 propter
1052 2651 1218 2683 magnum
1246 2641 1316 2672 vini
1344 2648 1500 2672 amorem
1522 2637 1648 2669 famosi

118 2694 228 2724 erant.

160 2741 188 2771 3.
210 2740 247 2771 F.
268 2739 416 2778 Schoell,
435 2739 609 2771 UeberIon
625 2749 687 2770 von
705 2738 808 2770 Chius
823 2737 1057 2777 (Rlzeinisches
1072 2737 1235 2775 Museum,
1254 2737 1342 2774 1871,
1357 2746 1390 2777 p.
1412 2734 1492 2774 147).

160 2788 190 2818 4.
205 2787 372 2825 AElianus,
388 2788 442 2826 lx,
457 2790 486 2818 4.
509 2786 869 2818 Animadvertendum
890 2786 942 2816 est
962 2784 1131 2817 tamenin
1151 2784 1226 2817 loco
1248 2783 1388 2816 laudato
1413 2781 1584 2814 AElianum
1607 2778 1649 2810 de

121 2833 227 2866 rebus
241 2835 397 2866 venereis
413 2836 550 2866 tantum
569 2844 642 2865 esse
658 2834 823 2866 locutum.

165 2882 193 2913 5.
217 2881 324 2921 Plato,
337 2882 514 2921 Phaedrus,
529 2883 587 2913 2:352·
606 2892 635 2913 c.
