2125 3534
839 259 1067 302 -91-

189 369 255 410 est
275 379 453 425 semper
469 368 602 423 atque
629 367 835 425 simplex,
866 369 942 411 sed
970 370 1084 412 inter
1104 371 1329 429 duplicem
1357 371 1477 413 viam
1500 370 1637 414 lueret
1665 374 1710 413 et

187 438 234 480 in
261 437 372 481 duas
400 437 647 480 contrarias
675 441 820 495 partes
859 438 1133 483 distrahitur.
1168 441 1574 493 Quemadmodum,
1605 455 1707 484 cum

188 523 235 551 se
261 507 453 566 publicis
481 507 830 550 Atheniensium
854 509 983 551 rebus
1004 511 1264 559 immiscuit,
1288 512 1486 554 Cimonis
1514 512 1709 569 primum

188 577 551 637 Thucydidisque
570 577 797 620 fortunam
816 583 994 622 ¹secutus
1010 585 1090 629 est,
1111 596 1213 624 mox
1234 597 1354 629 vero,
1377 582 1580 624 infractis
1601 582 1712 640 opti—

189 649 378 692 matium
402 648 618 707 partibus,
641 663 743 691 cum
767 648 938 692 Pericle
961 651 1006 693 in
1028 653 1217 709 gratiam
1242 653 1417 695 videtur
1436 652 1635 704 rediisse,
1658 678 1714 683 —-

191 720 255 764 sic
282 720 330 762 in
356 719 565 778 operibus
586 719 678 762 suis
699 722 901 762 veterum
925 726 1157 765 auctorum
1190 723 1388 765 imitator
1408 723 1543 766 simul
1571 727 1613 765 et
1638 721 1713 779 ju-

191 791 374 835 niorum
401 790 593 834 aemulus
614 793 766 833 noster
787 792 968 833 exstitit.
997 792 1238 849 Antiquam
1264 793 1494 851 elegorum
1523 793 1714 835 formam

191 877 288 921 quae
319 861 415 920 jam
447 865 561 914 tum,
604 865 704 919 post
739 862 982 905 Simonidis
1026 867 1232 914 mortem,
1269 869 1465 922 cu=perat
1500 864 1713 922 paulatim

191 933 485 985 obsolescere,
517 932 658 976 coluit
689 932 869 990 quidem
900 937 1030 990 atque
1060 934 1281 991 integram
1313 935 1521 985 servavit,
1557 934 1718 978 carnii-

190 1018 302 1047 num
334 1018 439 1047 vero
472 1003 707 1046 materiem
739 1003 881 1062 ipsam
926 1005 1117 1047 mutavit
1157 1009 1198 1047 et
1238 1007 1483 1057 renovavit,
1517 1020 1622 1049 cum
1668 1020 1717 1048 ea

191 1074 352 1126 studia,
377 1073 540 1132 quibus
562 1074 866 1131 ingenuorum
885 1075 1085 1117 virorum
1108 1076 1245 1118 animi
1268 1076 1549 1120 delectantur
1569 1076 1717 1135 potius

189 1145 396 1188 videatur
427 1144 666 1197 cecinisse,
703 1159 837 1202 quam
870 1150 1136 1203 argumenta
1168 1162 1406 1205 usurpasse
1437 1162 1460 1189 a
1492 1147 1717 1205 prioribus

191 1216 334 1274 poetis
355 1215 615 1266 decantata;
644 1215 766 1257 —in
798 1215 1023 1273 tragoediis
1050 1217 1331 1276 AEschylum‚
1358 1222 1553 1260 veterem
1579 1217 1717 1260 dilec-

191 1289 378 1344 tumque
399 1286 684 1345 magistrum,
709 1290 939 1329 auctorem
962 1291 1140 1329 secutus
1163 1292 1228 1329 est
1257 1288 1371 1345 quod
1395 1288 1641 1346 praesertim
1665 1286 1718 1330 ad

193 1356 417 1406 scribendi
439 1371 582 1415 genus
606 1357 765 1399 attinet
783 1356 1175 1415 depingendasque
1199 1373 1491 1416 personarum
1513 1362 1716 1409 naturas,

192 1432 238 1472 at
257 1428 420 1487 saepius
438 1442 483 1470 se
505 1427 560 1470 ad
580 1427 844 1486 Euripidem
872 1443 1042 1471 morem
1065 1429 1435 1479 accommodavit,
1462 1433 1612 1487 utpote
1643 1428 1719 1486 qui

194 1497 292 1557 ejus
310 1499 637 1543 sententiarum
666 1499 959 1542 subtilitatem
989 1503 1031 1542 et
1051 1500 1321 1543 rhetoricam
1352 1504 1493 1542 artem
1518 1500 1719 1543 imitare-

193 1573 267 1613 tur
293 1573 336 1614 et
356 1585 453 1628 quae
474 1585 499 1613 a
520 1568 766 1627 majoribus
795 1569 847 1613 de
869 1569 953 1613 diis
975 1574 1051 1613 aut
1072 1570 1123 1613 de
1152 1571 1362 1614 heroibus
1390 1570 1551 1613 tradita
1574 1574 1717 1623 erant,

193 1640 478 1694 immutaret;
498 1668 556 1673 —
576 1641 854 1685 tractandam
887 1642 1081 1699 suscepit
1101 1642 1414 1700 perantiquam
1445 1642 1719 1700 cyclieorum

193 1712 435 1756 chororum
458 1713 643 1772 poesim,
668 1713 728 1755 ita
750 1728 854 1755 vero
878 1713 1084 1755 tractavit
1102 1717 1163 1761 ut,
1189 1728 1482 1771 quaecumque
1501 1712 1555 1755 ab
1576 1727 1721 1770 azqua-

191 1782 310 1826 libus
337 1783 384 1826 in
405 1784 590 1827 musicae
608 1788 701 1826 arte
728 1784 913 1827 inventa
933 1787 1074 1835 erant,
1099 1784 1278 1827 novisse
1301 1787 1343 1827 et
1368 1784 1415 1826 in
1443 1783 1719 1827 carminibus

192 1853 285 1896 suis
311 1854 570 1898 adhibuisse
605 1869 708 1899 eum
742 1858 912 1913 pateat;
944 1881 999 1886 —
1028 1854 1145 1912 quod
1173 1854 1227 1897 ad
1261 1855 1496 1897 historiam
1532 1858 1716 1914 spectat,

190 1932 301 1968 κτίσιν
324 1928 367 1968 et
387 1925 461 1969 ille
489 1941 634 1979 suam,
655 1930 705 1969 ut
730 1930 901 1969 veteres
923 1926 1171 1984 primarum
1194 1925 1374 1968 Graeciae
1397 1926 1626 1984 originum
1654 1926 1723 1967 in-

195 1995 444 2054 dagatores,
478 1997 747 2056 composuit,
783 2000 828 2039 at
861 1996 997 2039 simul
1035 2011 1162 2039 novae
1192 1996 1484 2039 historiarum
1517 1996 1719 2049 rationis,

197 2075 463 2122 ὑπομνημάτων
498 2067 691 2120 scilicet,
726 2067 934 2110 inventor
967 2066 1122 2110 haberi
1158 2070 1326 2125 potest3
1362 2093 1418 2098 —
1447 2067 1493 2109 in
1528 2067 1725 2125 philoso-

197 2138 330 2197 phico
352 2138 544 2197 denique
577 2138 705 2191 libro,
734 2141 777 2181 et
803 2153 898 2196 quae
925 2137 978 2181 ab
1006 2138 1202 2195 antiquis
1235 2137 1513 2196 sapientibus
1542 2138 1724 2196 excogi-

197 2212 289 2252 tata
309 2213 450 2262 erant,
476 2213 519 2252 et
541 2224 639 2267 quae
661 2210 967 2267 Anaxagoras,
988 2208 1181 2252 Socratis
1202 2209 1497 2267 praenuntius,
1520 2208 1568 2251 in
1588 2209 1726 2267 scrip-

197 2279 253 2322 tis
273 2280 365 2323 suis
386 2284 669 2338 exposuerat,
694 2280 811 2322 inter
831 2294 876 2322 se
895 2294 1165 2338 componere
1183 2283 1226 2322 et
1253 2280 1514 2323 consociare
1534 2283 1724 2323 conatus

196 2354 274 2394 est.
300 2351 418 2395 Hinc
445 2365 580 2394 nemo
613 2365 706 2393 non
732 2350 853 2393 videt
886 2350 1042 2408 quanti
1074 2350 1204 2408 pretii
1238 2350 1388 2393 futura
1420 2353 1569 2393 essent
1601 2349 1722 2393 Ionis

196 2437 344 2481 opera,
369 2422 405 2465 si
432 2422 607 2480 integra
628 2421 683 2465 ad
706 2437 788 2465 nos
814 2421 1140 2480 pervenissent,
1165 2435 1263 2479 quae
1283 2420 1468 2479 propius
1496 2420 1628 2463 fidem
1658 2424 1725 2463 est

194 2493 432 2552 permultis
457 2507 610 2535 rerum
642 2491 928 2535 documentis
958 2490 1208 2535 abundasse
1233 2504 1241 2532 2
1267 2490 1322 2534 ad
1349 2505 1541 2548 quorum
1567 2490 1725 2534 lumen

194 2563 325 2607 nobis
355 2578 494 2616 nunc,
526 2563 841 2621 antiquitatem
871 2561 1263 2621 investigantibus,
1299 2561 1463 2604 clarius
1491 2564 1727 2620 appareret

195 2634 274 2678 illa
305 2634 566 2678 Graecarum
602 2634 856 2677 litterarum
894 2637 999 2677 aetas
1033 2648 1130 2691 quae
1162 2631 1359 2676 mediam
1392 2632 1538 2690 quinti
1573 2631 1726 2676 saeculi

201 2710 375 2766 partem
398 2705 727 2764 complectitur.

261 2778 468 2822 Ceterum
501 2777 599 2835 ipsa
632 2776 710 2818 illa
740 2774 1010 2834 scriptorum
1040 2774 1253 2818 varietate
1290 2787 1376 2832 qua
1414 2773 1611 2832 aliquam
1642 2772 1726 2817 sibi

202 2848 384 2893 laudem
411 2847 703 2906 comparavit,
727 2861 842 2890 verae
865 2861 954 2890 suae
975 2846 1127 2905 gloriae
1150 2846 1231 2890 Ion
1251 2845 1396 2904 magis
1416 2845 1571 2889 nocuit
1590 2858 1724 2903 quam
