2125 3534
771 693 961 738 CAPUT
987 692 1050 736 ΙΙΙ

229 927 297 971 ΒΕ
332 927 447 972 on1s
475 940 669 970 sArxiuco
701 939 893 969 DRAMATE
919 937 1028 974 oron
1057 922 1307 966 OMPuALA
1332 917 1587 961 Ixsciiissircn

207 1382 228 1437 ἓ
250 1383 288 1423 1.
310 1407 365 1412 -
393 1379 514 1431 Quid
538 1379 589 1421 (le
612 1378 950 1422 Atheniemimn
975 1379 1101 1420 rebus
1122 1375 1314 1435 publices*
1334 1375 1411 1416 Ion
1436 1371 1617 1415 senserit

380 1459 420 1494 et
440 1466 530 1509 qua
550 1450 721 1494 ratione
738 1450 1000 1493 sententiam
1020 1463 1147 1492 ..mam
1168 1447 1438 1506 ea‘l)re.s.s·erit.

206 1661 259 1706 In
282 1661 429 1721 priore
456 1661 557 1705 vitae
591 1665 730 1721 parte,
756 1660 836 1704 Ion
865 1660 1155 1705 adversarum
1188 1658 1386 1719 partium
1424 1656 1675 1701 eontentio-

147 1733 280 1777 nibus
308 1733 464 1786 adsuit,
499 1733 659 1791 quibus
692 1732 954 1791 aliquandiu
988 1731 1198 1775 distracta
1231 1733 1296 1773 est
1328 1728 1678 1772 Atheniensium

150 1804 323 1858 civitas,
349 1803 508 1850 donec.
533 1803 708 1847 devicto
742 1803 1027 1862 optimatium
1050 1803 1162 1845 duce
1194 1802 1397 1853 Cimone,
1431 1804 1473 1843 et
1492 1800 1537 1842 in
1560 1798 1678 1842 exsi—

148 1875 261 1919 lium
286 1876 414 1935 pulso
442 1875 703 1934 Thucydide
727 1875 919 1918 Melesiae
942 1874 1047 1926 filio,
1073 1873 1270 1917 Pericles
1298 1885 1524 1915 summam
1561 1868 1679 1928 apud

149 1946 270 1990 cives
298 1962 402 1991 suos
438 1947 751 1990 auctoritatem
782 1946 967 2005 adeptus
990 1948 1069 1997 est,
1104 1948 1160 1996 et,
1194 1944 1320 1987 nullo
1345 1942 1441 2001 jam
1475 1942 1679 1985 obstante

149 2018 331 2071 aemulo,
356 2017 585 2062 debilitata
606 2018 834 2076 fractaque
862 2017 1046 2075 antiqua
1072 2015 1281 2074 areopagi
1297 2013 1577 2065 auctoritate,
1602 2026 1680 2054 no-

149 2089 217 2133 vis
256 2089 637 2148 popularibusque
677 2088 895 2131 institutis
924 2087 1208 2130 Athenarum
1242 2083 1604 2143 magnitudinem
1638 2085 1682 2125 ct

151 2160 440 2220 splendorem
480 2161 711 2204 stabilivit.
742 2161 901 2205 Utrum
946 2173 1051 2201 vero
1090 2157 1171 2201 Ion
1204 2156 1354 2214 segnis
1394 2155 1510 2198 hanc
1546 2153 1681 2197 disci-

151 2230 286 2290 plinae
318 2232 482 2275 veteris
518 2231 903 2290 perturbationem
937 2228 1219 2287 spectaverit,
1245 2242 1302 2270 an
1333 2229 1481 2285 partes
1508 2225 1601 2283 ipse
1635 2224 1681 2266 in

150 2301 236 2347 hoc
259 2303 505 2347 certamine
525 2303 744 2362 gerendas
769 2300 1031 2360 susceperit,
1059 2299 1305 2358 disquirere
1328 2312 1422 2341 non
1443 2296 1682 2354 indignum

151 2373 345 2418 videtur.

209 2444 398 2489 Minime
419 2445 606 2489 dubium
633 2448 699 2488 est
731 2444 839 2503 quin
868 2443 972 2488 inde
1001 2458 1026 2486 a
1053 2441 1277 2503 principio
1311 2441 1359 2484 in
1395 2438 1683 2499 optimatium

151 2516 395 2561 factionem
409 2532 586 2561 summa
600 2517 832 2560 voluntate
851 2516 933 2560 Ion
954 2530 1202 2574 propensus
1224 2513 1359 2556 fuerit
1378 2516 1419 2556 et
1434 2509 1685 2570 impensius

156 2588 394 2632 Cimonem
420 2588 624 2632 coluerit.
654 2588 756 2631 Non
786 2587 919 2631 modo
943 2587 1064 2630 enim
1090 2585 1432 2637 beneficiorum,
1458 2598 1555 2641 quae
1578 2580 1686 2624 ado-

155 2658 330 2703 lescens
351 2675 377 2703 a
399 2658 771 2719 praestantissimo
793 2658 889 2701 viro
922 2660 1074 2701 noster
1102 2659 1350 2715 acceperat,
1374 2653 1595 2698 memoria
1616 2652 1686 2694 in-

155 2733 223 2774 ter
255 2745 300 2774 se
331 2734 459 2775 erant
500 2729 749 2789 conjuncti,
783 2729 859 2773 sed
893 2729 1043 2781 etiam,
1083 2728 1226 2787 patria
1259 2726 1476 2770 oriundus
1514 2725 1562 2767 in
1600 2737 1687 2781 qua

157 2804 255 2845 tum
282 2802 503 2846 florebant
534 2802 757 2845 nobilium
786 2804 948 2859 partes,
968 2800 1022 2843 iis
1054 2798 1287 2858 praeceptis
1312 2797 1392 2841 Ion
1416 2796 1687 2839 informatus

160 2876 268 2925 erat,
294 2888 390 2931 quae
417 2873 535 2916 inter
556 2887 659 2916 eum
682 2875 725 2915 et
751 2871 986 2915 Cimonem
1020 2871 1334 2914 communium
1370 2867 1423 2911 de
1446 2866 1577 2910 rebus
1604 2878 1687 2924 pu-

158 2940 288 2987 blicis
307 2944 575 3003 opinionum
598 2943 781 2988 vincula
803 2942 1106 2986 instituerent.

1552 3032 1567 3056 3
