2125 3534
1133 272 1363 316 -66-

487 385 580 429 vim
601 388 644 428 et
664 385 896 442 quaesitam
915 383 1223 428 subtilitatem.
1249 383 1466 443 Exemplo
1494 383 1584 426 sint
1601 397 1758 428 versus
1778 382 1824 427 in
1845 382 2007 442 quibus

487 456 668 509 Bacchi,
694 455 785 499 sive
806 455 916 509 vini,
941 455 1156 499 virtutem
1177 455 1482 499 celebraverat
1505 468 1513 497 :

641 575 875 610 Indomitum
894 574 1017 622 (cano)
1774 574 2008 619 [ministrum

579 645 741 681 puerum
763 634 1198 681 tauri-facie-insignem,
1215 634 1383 679 juvenem
1401 643 1472 668 ηοη
1483 633 1665 677 juvenem,
1685 633 1946 679 gratissimum

577 693 1077 740 graviter-tumultuantium
1098 694 1294 738 Amorum,
1316 694 1447 728 vinum
1468 692 1812 736 animos-efferens,

578 752 779 787 hominum
797 762 925 797 regem
944 752 970 787 ί.

544 855 604 897 At
622 857 836 913 praeterea
855 854 1172 912 Aristophanis
1190 852 1369 896 laudato
1391 852 1490 896 loco
1513 856 1556 895 et
1571 851 1841 910 quibusdam
1863 849 2009 894 Suidae

486 926 634 970 verbis
655 927 684 979 ⁶2,
709 940 948 968 monemur
973 928 1153 984 poetam
1185 925 1410 983 imagines
1441 938 1543 967 suas
1579 923 1741 982 saepius
1771 937 1793 965 e
1815 921 2011 965 nubibus

488 1001 530 1041 et
550 996 730 1040 alitibus
752 996 998 1055 sumpsisse
1022 1010 1030 1038 z
1052 1011 1138 1054 qua
1159 996 1206 1038 in
1228 1010 1273 1039 re
1295 995 1551 1054 peccavisse
1582 1008 1846 1053 persuasum
1868 993 2010 1036 habeo

486 1071 631 1112 totum
653 1067 765 1110 illud
786 1073 911 1110 Ἀώιον
931 1082 1129 1118 carmen,
1155 1068 1226 1110 cui
1250 1066 1451 1110 comicus
1473 1065 1632 1109 alludit
1660 1064 1822 1124 lepide,
1855 1062 2008 1123 cujus·
2028 1056 2032 1060 ’

488 1154 573 1198 que
593 1138 864 1197 prooemium
885 1137 940 1181 ad
960 1152 1043 1180 nos
1070 1138 1275 1196 pervenit
1298 1151 1306 1180 :

579 1244 910 1288 Mane-orientem,
934 1254 1257 1291 per-aera-vagam

580 1304 731 1340 stellam
752 1307 1031 1350 exspectamus,
1056 1315 1140 1350 quae
1161 1304 1233 1339 soli
1254 1303 1496 1340 ala-candida
1514 1304 1715 1351 praecurrit.
1734 1305 1760 1340 3.

489 1404 598 1456 Quae
626 1401 908 1461 paucissimis
933 1401 1005 1445 hic
1038 1400 1186 1445 verbis
1216 1400 1398 1453 indicat,
1432 1400 1576 1444 fusius
1608 1400 1935 1458 Aristophanes
1968 1399 2017 1442 in

487 1475 575 1518 alio
597 1474 695 1516 loco
724 1473 996 1531 explanavit,
1030 1472 1077 1514 in
1113 1487 1200 1529 quo
1224 1471 1449 1515 Cinesiam
1478 1471 1737 1530 perstringit
1770 1470 2016 1529 dithyram-

487 1546 647 1589 borum
666 1548 894 1587 auctorem
916 1543 1261 1587 celeberrimum
1281 1557 1289 1585 z
1309 1543 1383 1601 qui
1400 1546 1544 1601 poeta,
1570 1542 1663 1586 sive
1683 1542 1839 1585 Ionem
1861 1544 2016 1585 aucto-

488 1631 583 1659 rem
624 1615 908 1674 sequebatur,
952 1614 1045 1657 sive
1080 1613 1175 1672 ipse
1214 1628 1293 1672 per
1331 1627 1376 1656 se
1415 1627 1558 1671 nugas
1596 1613 1702 1656 istas
1739 1612 2012 1666 inveniebat,

488 1687 649 1730 iisdem
676 1686 808 1745 plane
835 1685 1111 1743 imaginibus
1132 1685 1196 1728 uti
1215 1687 1534 1737 consueverat,
1559 1684 1619 1727 ita
1639 1683 1805 1742 utjure
1827 1684 2015 1727 omnino

488 1758 609 1801 idem
629 1757 683 1800 ab
704 1760 893 1815 utroque
919 1755 1272 1799 similitudinum
1303 1771 1444 1814 genus
1472 1755 1724 1799 adhibitum
1754 1770 1849 1799 esse
1876 1755 2016 1814 possi-

488 1843 589 1872 mus
610 1827 830 1880 arbitrari‚
856 1831 899 1870 et
928 1842 981 1870 ex
1008 1826 1185 1870 Cinesia
1205 1826 1351 1884 qualis
1384 1825 1519 1869 fuerit
1548 1826 1670 1869 Ionis
1703 1826 1844 1885 ipsius
1871 1825 2013 1870 oratio

485 1897 704 1957 judicare.
734 1898 803 1941 Ad
823 1897 1251 1957 Nephelococcygiae
1273 1900 1424 1956 portas
1451 1896 1767 1941 advenientem
1792 1897 2016 1942 Cinesiam

490 1970 665 2014 inducit
685 1969 884 2013 comicus
905 1970 921 1994 4
950 1983 958 2011 :

491 2085 648 2122 Cinesias
733 2097 744 2121 .·
764 2086 806 2120 In
825 2085 946 2121 altum
968 2085 1088 2130 evolo,
1113 2085 1160 2121 ad
1181 2085 1399 2131 Olympum,
1420 2085 1490 2121 alis
1510 2085 1671 2120 levibus

761 2145 876 2180 volito
896 2148 1024 2181 autem
1046 2148 1127 2180 tum
1148 2146 1230 2189 hae,
1254 2147 1335 2180 tum
1357 2145 1424 2180 illa
1444 2145 1659 2180 carminum
1676 2144 1737 2179 via

490 2204 718 2240 Pisthecaerus
733 2216 744 2240 .·
762 2204 818 2239 Ad
838 2205 909 2239 hoc
930 2205 1125 2251 negotium
1146 2205 1356 2239 multarum
1377 2204 1525 2239 alarum
1544 2215 1659 2239 onere
1679 2214 1775 2250 opus
1796 2206 1865 2240 est.

492 2262 650 2298 Cinesias
726 2274 737 2297 .·
758 2262 934 2297 interrita
951 2262 1152 2297 oculorum
1172 2262 1253 2297 acie
1275 2262 1497 2309 progeniem
1516 2261 1671 2308 (avium)
1694 2272 1873 2308 sequens

763 2380 841 2414 avis
863 2379 944 2415 fieri
966 2380 1079 2426 cupio
1101 2382 1233 2427 arguta
1249 2391 1340 2415 voce
1361 2380 1539 2415 luscinia..

493 2438 605 2474 Pisth.
726 2450 737 2473 .·
758 2439 896 2474 Desine
917 2439 1121 2474 modulari.
1144 2440 1210 2474 Dic
1228 2440 1321 2474 mihi
1343 2440 1434 2485 quid
1454 2439 1574 2475 velint
1591 2440 1664 2474 ista
1684 2439 1811 2475 verba.

495 2498 608 2534 Circes.
725 2509 735 2532 .·
756 2498 835 2532 Alis
856 2509 877 2532 a
897 2501 932 2533 te
955 2499 1178 2543 instructus,
1199 2499 1312 2544 cupio
1331 2499 1506 2533 sublimis

762 2557 801 2591 in
821 2557 941 2593 altum
960 2557 1127 2602 evolans,
1149 2569 1193 2593 ex
1213 2558 1380 2593 nubibus
1401 2568 1498 2593 nova
1518 2560 1648 2604 petere

539 2701 566 2730 1.
589 2699 682 2731 Ionis
700 2698 822 2740 fragm.
841 2699 871 2736 9,
891 2698 983 2739 apud
1005 2698 1132 2739 Bergk,
1151 2699 1227 2739 Lyr.
1249 2699 1362 2739 [γνῶναί.

534 2747 562 2777 2.
585 2746 669 2778 Vide
689 2747 808 2777 notam
824 2747 840 2776 4
863 2745 1054 2787 superioris
1075 2745 1222 2787 paginas.

540 2795 568 2825 3.
589 2793 701 2825 Schol.
725 2793 767 2825 ad
786 2793 961 2835 Aristoph.
983 2794 1114 2829 Pacem,
1138 2802 1167 2823 v.
1195 2794 1264 2825 835.
1284 2812 1321 2816 —
1341 2793 1467 2835 Bergk,
1486 2794 1562 2836 Lyr.
1579 2803 1691 2835 θῆρα,
1714 2795 1807 2828 Ionis
1829 2795 1954 2838 fragm.
1975 2797 2023 2829 10.

495 2841 580 2873 Vide
600 2842 719 2872 notam
737 2843 754 2871 4
776 2840 968 2881 superioris
985 2840 1133 2881 paginae.

533 2895 562 2926 4.
580 2893 824 2938 Aristophanis
843 2893 940 2931 Aves,
962 2903 994 2925 V.
1015 2894 1092 2925 1373
1115 2902 1205 2935 sqq„
1225 2892 1305 2925 edit.
1326 2893 1434 2928 Kock,
