<?xml version="1.0" encoding="UTF-8"?>
<!DOCTYPE html PUBLIC "-//W3C//DTD XHTML 1.0 Transitional//EN"
    "http://www.w3.org/TR/xhtml1/DTD/xhtml1-transitional.dtd">
<html xmlns="http://www.w3.org/1999/xhtml" xml:lang="en" lang="en">
 <head>
  <title>
</title>
<meta http-equiv="Content-Type" content="text/html;charset=utf-8" />
  <meta name='ocr-system' content='tesseract 3.04.00' />
  <meta name='ocr-capabilities' content='ocr_page ocr_carea ocr_par ocr_line ocrx_word'/>
</head>
<body>
  <div class='ocr_page' id='page_1' title='image "./deionechiohancth00alluoft_0062.png"; bbox 0 0 2125 3534; ppageno 0'>
   <div class='ocr_carea' id='block_1_1' title="bbox 1091 275 1320 315">
    <p class='ocr_par' dir='ltr' id='par_1_1' title="bbox 1091 275 1320 315">
     <span class='ocr_line' id='line_1_1' title="bbox 1091 275 1320 315; baseline 0 -11"><span class='ocrx_word' id='word_1_1' title='bbox 1091 275 1320 315; x_wconf 54' lang='grc' dir='ltr'>--48-ῌ</span> 
     </span>
    </p>
   </div>
   <div class='ocr_carea' id='block_1_2' title="bbox 415 383 1979 2367">
    <p class='ocr_par' dir='ltr' id='par_1_2' title="bbox 439 383 1965 500">
     <span class='ocr_line' id='line_1_2' title="bbox 440 383 1965 442; baseline -0.001 -12"><span class='ocrx_word' id='word_1_2' title='bbox 440 389 613 430; x_wconf 88' lang='lat' dir='ltr'>certum</span> <span class='ocrx_word' id='word_1_3' title='bbox 635 383 817 442; x_wconf 86' lang='lat' dir='ltr'>quidem</span> <span class='ocrx_word' id='word_1_4' title='bbox 847 387 913 427; x_wconf 85' lang='lat' dir='ltr'>est</span> <span class='ocrx_word' id='word_1_5' title='bbox 934 388 961 427; x_wconf 76' lang='lat'>¹.</span> <span class='ocrx_word' id='word_1_6' title='bbox 991 384 1212 428; x_wconf 85' lang='lat' dir='ltr'>Incertius</span> <span class='ocrx_word' id='word_1_7' title='bbox 1234 386 1368 428; x_wconf 85' lang='lat' dir='ltr'>etiam</span> <span class='ocrx_word' id='word_1_8' title='bbox 1396 388 1459 428; x_wconf 86' lang='lat' dir='ltr'>est</span> <span class='ocrx_word' id='word_1_9' title='bbox 1482 385 1589 442; x_wconf 86' lang='lat' dir='ltr'>quid</span> <span class='ocrx_word' id='word_1_10' title='bbox 1616 383 1668 427; x_wconf 88' lang='lat' dir='ltr'>de</span> <span class='ocrx_word' id='word_1_11' title='bbox 1695 387 1847 428; x_wconf 76' lang='lat' dir='ltr'>Laerte</span> <span class='ocrx_word' id='word_1_12' title='bbox 1876 388 1965 428; x_wconf 86' lang='lat' dir='ltr'>sta-</span> 
     </span>
     <span class='ocr_line' id='line_1_3' title="bbox 439 457 741 500; baseline -0.003 0"><span class='ocrx_word' id='word_1_13' title='bbox 439 457 502 500; x_wconf 90' lang='lat' dir='ltr'>tui</span> <span class='ocrx_word' id='word_1_14' title='bbox 531 457 688 499; x_wconf 81' lang='lat' dir='ltr'>debeat</span> <span class='ocrx_word' id='word_1_15' title='bbox 714 457 741 499; x_wconf 65' lang='lat'>2.</span> 
     </span>
    </p>

    <p class='ocr_par' dir='ltr' id='par_1_3' title="bbox 425 526 1979 1638">
     <span class='ocr_line' id='line_1_4' title="bbox 495 526 1966 586; baseline 0.001 -16"><span class='ocrx_word' id='word_1_16' title='bbox 495 528 684 571; x_wconf 64' lang='lat' dir='ltr'>Plzoem&#39;r</span> <span class='ocrx_word' id='word_1_17' title='bbox 704 526 919 585; x_wconf 75' lang='lat' dir='ltr'>tragoedia</span> <span class='ocrx_word' id='word_1_18' title='bbox 938 527 1055 585; x_wconf 89' lang='lat' dir='ltr'>apud</span> <span class='ocrx_word' id='word_1_19' title='bbox 1072 531 1277 570; x_wconf 75' lang='lat' dir='ltr'>auctores</span> <span class='ocrx_word' id='word_1_20' title='bbox 1295 532 1468 570; x_wconf 80' lang='lat' dir='ltr'>veteres</span> <span class='ocrx_word' id='word_1_21' title='bbox 1489 541 1581 569; x_wconf 89' lang='lat' dir='ltr'>non</span> <span class='ocrx_word' id='word_1_22' title='bbox 1600 542 1776 586; x_wconf 88' lang='lat' dir='ltr'>semper</span> <span class='ocrx_word' id='word_1_23' title='bbox 1791 528 1872 571; x_wconf 90' lang='lat' dir='ltr'>sub</span> <span class='ocrx_word' id='word_1_24' title='bbox 1894 543 1966 571; x_wconf 92' lang='lat' dir='ltr'>eo-</span> 
     </span>
     <span class='ocr_line' id='line_1_5' title="bbox 438 599 1966 657; baseline 0 -15"><span class='ocrx_word' id='word_1_25' title='bbox 438 599 539 642; x_wconf 94' lang='lat' dir='ltr'>dem</span> <span class='ocrx_word' id='word_1_26' title='bbox 578 599 707 641; x_wconf 85' lang='lat' dir='ltr'>titulo</span> <span class='ocrx_word' id='word_1_27' title='bbox 738 602 1030 641; x_wconf 81' lang='lat' dir='ltr'>memoratur.</span> <span class='ocrx_word' id='word_1_28' title='bbox 1066 599 1178 641; x_wconf 94' lang='lat' dir='ltr'>Tum</span> <span class='ocrx_word' id='word_1_29' title='bbox 1213 599 1334 641; x_wconf 87' lang='lat' dir='ltr'>enim</span> <span class='ocrx_word' id='word_1_30' title='bbox 1364 599 1631 657; x_wconf 89' lang='lat' dir='ltr'>simpliciter</span> <span class='ocrx_word' id='word_1_31' title='bbox 1663 604 1784 647; x_wconf 65' lang='grc' dir='ltr'>Φοῖνιξ</span> <span class='ocrx_word' id='word_1_32' title='bbox 1807 600 1835 653; x_wconf 79' lang='lat'>3,</span> <span class='ocrx_word' id='word_1_33' title='bbox 1868 603 1966 642; x_wconf 89' lang='lat' dir='ltr'>tum</span> 
     </span>
     <span class='ocr_line' id='line_1_6' title="bbox 436 669 1964 727; baseline 0 -14"><span class='ocrx_word' id='word_1_34' title='bbox 436 677 557 719; x_wconf 62' lang='grc' dir='ltr'>Φοῖνιξ</span> <span class='ocrx_word' id='word_1_35' title='bbox 587 678 608 723; x_wconf 69' lang='grc' dir='ltr'><strong>ἦ</strong></span> <span class='ocrx_word' id='word_1_36' title='bbox 631 677 773 717; x_wconf 65' lang='grc' dir='ltr'>Καινεύς</span> <span class='ocrx_word' id='word_1_37' title='bbox 792 677 822 723; x_wconf 64' lang='lat'>⁴2,</span> <span class='ocrx_word' id='word_1_38' title='bbox 855 673 951 713; x_wconf 88' lang='lat' dir='ltr'>tum</span> <span class='ocrx_word' id='word_1_39' title='bbox 975 669 1167 727; x_wconf 85' lang='lat' dir='ltr'>denique</span> <span class='ocrx_word' id='word_1_40' title='bbox 1189 675 1309 718; x_wconf 69' lang='grc' dir='ltr'>Φοῖνιξ</span> <span class='ocrx_word' id='word_1_41' title='bbox 1332 676 1490 727; x_wconf 67' lang='grc' dir='ltr'>δεύτερος</span> <span class='ocrx_word' id='word_1_42' title='bbox 1510 671 1773 713; x_wconf 89' lang='lat' dir='ltr'>nominatur</span> <span class='ocrx_word' id='word_1_43' title='bbox 1791 671 1820 713; x_wconf 76' lang='lat'>5.</span> <span class='ocrx_word' id='word_1_44' title='bbox 1855 669 1964 722; x_wconf 81' lang='lat' dir='ltr'>Quae</span> 
     </span>
     <span class='ocr_line' id='line_1_7' title="bbox 433 740 1963 799; baseline 0 -15"><span class='ocrx_word' id='word_1_45' title='bbox 433 743 669 785; x_wconf 87' lang='lat' dir='ltr'>titulorum</span> <span class='ocrx_word' id='word_1_46' title='bbox 690 741 881 784; x_wconf 81' lang='lat' dir='ltr'>varietas</span> <span class='ocrx_word' id='word_1_47' title='bbox 903 740 964 783; x_wconf 87' lang='lat' dir='ltr'>rei</span> <span class='ocrx_word' id='word_1_48' title='bbox 992 740 1309 784; x_wconf 76' lang='lat' dir='ltr'>obscuritatem</span> <span class='ocrx_word' id='word_1_49' title='bbox 1335 744 1482 799; x_wconf 75' lang='lat' dir='ltr'>auget,</span> <span class='ocrx_word' id='word_1_50' title='bbox 1507 740 1675 784; x_wconf 87' lang='lat' dir='ltr'>nedum</span> <span class='ocrx_word' id='word_1_51' title='bbox 1697 744 1963 798; x_wconf 82' lang='lat' dir='ltr'>argumento</span> 
     </span>
     <span class='ocr_line' id='line_1_8' title="bbox 433 810 1965 870; baseline -0.001 -17"><span class='ocrx_word' id='word_1_52' title='bbox 433 811 583 855; x_wconf 85' lang='lat' dir='ltr'>lucem</span> <span class='ocrx_word' id='word_1_53' title='bbox 616 812 782 854; x_wconf 80' lang='lat' dir='ltr'>afferat.</span> <span class='ocrx_word' id='word_1_54' title='bbox 822 810 867 853; x_wconf 82' lang='lat' dir='ltr'>Si</span> <span class='ocrx_word' id='word_1_55' title='bbox 899 810 1020 852; x_wconf 88' lang='lat' dir='ltr'>enim</span> <span class='ocrx_word' id='word_1_56' title='bbox 1055 810 1221 870; x_wconf 88' lang='lat' dir='ltr'>ubique</span> <span class='ocrx_word' id='word_1_57' title='bbox 1257 815 1299 853; x_wconf 90' lang='lat' dir='ltr'>et</span> <span class='ocrx_word' id='word_1_58' title='bbox 1337 825 1516 868; x_wconf 88' lang='lat' dir='ltr'>semper</span> <span class='ocrx_word' id='word_1_59' title='bbox 1544 811 1664 855; x_wconf 72' lang='grc' dir='ltr'>Φοῖνιξ</span> <span class='ocrx_word' id='word_1_60' title='bbox 1699 810 1965 868; x_wconf 86' lang='lat' dir='ltr'>simpliciter</span> 
     </span>
     <span class='ocr_line' id='line_1_9' title="bbox 432 880 1964 939; baseline -0.001 -14"><span class='ocrx_word' id='word_1_61' title='bbox 432 882 705 935; x_wconf 86' lang='lat' dir='ltr'>laudaretur,</span> <span class='ocrx_word' id='word_1_62' title='bbox 731 898 824 926; x_wconf 90' lang='lat' dir='ltr'>non</span> <span class='ocrx_word' id='word_1_63' title='bbox 854 885 1049 927; x_wconf 89' lang='lat' dir='ltr'>multum</span> <span class='ocrx_word' id='word_1_64' title='bbox 1082 899 1106 927; x_wconf 88' lang='lat' dir='ltr'>a</span> <span class='ocrx_word' id='word_1_65' title='bbox 1142 898 1248 927; x_wconf 84' lang='lat' dir='ltr'>vero</span> <span class='ocrx_word' id='word_1_66' title='bbox 1277 883 1483 926; x_wconf 83' lang='lat' dir='ltr'>aberrare</span> <span class='ocrx_word' id='word_1_67' title='bbox 1519 881 1762 931; x_wconf 79' lang='lat' dir='ltr'>videretur,</span> <span class='ocrx_word' id='word_1_68' title='bbox 1797 881 1870 939; x_wconf 91' lang='lat' dir='ltr'>qui</span> <span class='ocrx_word' id='word_1_69' title='bbox 1902 880 1964 923; x_wconf 87' lang='lat' dir='ltr'>fa—</span> 
     </span>
     <span class='ocr_line' id='line_1_10' title="bbox 432 953 1957 1012; baseline -0.001 -16"><span class='ocrx_word' id='word_1_70' title='bbox 432 953 586 997; x_wconf 87' lang='lat' dir='ltr'>bulam</span> <span class='ocrx_word' id='word_1_71' title='bbox 633 970 685 997; x_wconf 83' lang='lat' dir='ltr'>ex</span> <span class='ocrx_word' id='word_1_72' title='bbox 726 970 846 998; x_wconf 88' lang='lat' dir='ltr'>nono</span> <span class='ocrx_word' id='word_1_73' title='bbox 886 956 1041 999; x_wconf 65' lang='lat' dir='ltr'>Iliadis</span> <span class='ocrx_word' id='word_1_74' title='bbox 1088 955 1201 998; x_wconf 89' lang='lat' dir='ltr'>libro</span> <span class='ocrx_word' id='word_1_75' title='bbox 1247 958 1473 1012; x_wconf 82' lang='lat' dir='ltr'>sumptam</span> <span class='ocrx_word' id='word_1_76' title='bbox 1513 967 1608 995; x_wconf 88' lang='lat' dir='ltr'>esse</span> <span class='ocrx_word' id='word_1_77' title='bbox 1654 953 1957 995; x_wconf 77' lang='lat' dir='ltr'>arbitraretur.</span> 
     </span>
     <span class='ocr_line' id='line_1_11' title="bbox 432 1024 1962 1085; baseline -0.001 -18"><span class='ocrx_word' id='word_1_78' title='bbox 432 1024 624 1068; x_wconf 62' lang='lat' dir='ltr'>Phoenix</span> <span class='ocrx_word' id='word_1_79' title='bbox 645 1026 768 1068; x_wconf 90' lang='lat' dir='ltr'>enim</span> <span class='ocrx_word' id='word_1_80' title='bbox 790 1027 973 1069; x_wconf 90' lang='lat' dir='ltr'>Homeri</span> <span class='ocrx_word' id='word_1_81' title='bbox 1001 1026 1252 1085; x_wconf 71' lang='lat' dir='ltr'>praesertim</span> <span class='ocrx_word' id='word_1_82' title='bbox 1273 1025 1477 1068; x_wconf 87' lang='lat' dir='ltr'>versibus</span> <span class='ocrx_word' id='word_1_83' title='bbox 1506 1028 1640 1067; x_wconf 88' lang='lat' dir='ltr'>notus</span> <span class='ocrx_word' id='word_1_84' title='bbox 1662 1028 1768 1075; x_wconf 86' lang='lat' dir='ltr'>erat,</span> <span class='ocrx_word' id='word_1_85' title='bbox 1794 1024 1839 1066; x_wconf 92' lang='lat' dir='ltr'>in</span> <span class='ocrx_word' id='word_1_86' title='bbox 1862 1024 1962 1082; x_wconf 87' lang='lat' dir='ltr'>qui-</span> 
     </span>
     <span class='ocr_line' id='line_1_12' title="bbox 430 1095 1962 1155; baseline 0 -17"><span class='ocrx_word' id='word_1_87' title='bbox 430 1095 513 1138; x_wconf 89' lang='lat' dir='ltr'>bus</span> <span class='ocrx_word' id='word_1_88' title='bbox 540 1097 653 1140; x_wconf 89' lang='lat' dir='ltr'>mira</span> <span class='ocrx_word' id='word_1_89' title='bbox 681 1098 909 1155; x_wconf 73' lang='lat' dir='ltr'>tragoediae</span> <span class='ocrx_word' id='word_1_90' title='bbox 930 1098 1119 1141; x_wconf 84' lang='lat' dir='ltr'>materia</span> <span class='ocrx_word' id='word_1_91' title='bbox 1142 1098 1401 1141; x_wconf 85' lang='lat' dir='ltr'>continetur</span> <span class='ocrx_word' id='word_1_92' title='bbox 1430 1110 1438 1138; x_wconf 88' lang='grc'>;</span> <span class='ocrx_word' id='word_1_93' title='bbox 1465 1111 1600 1154; x_wconf 87' lang='lat' dir='ltr'>quam</span> <span class='ocrx_word' id='word_1_94' title='bbox 1621 1096 1811 1154; x_wconf 78' lang='lat' dir='ltr'>arripuit</span> <span class='ocrx_word' id='word_1_95' title='bbox 1830 1095 1962 1138; x_wconf 86' lang='lat' dir='ltr'>Euri-</span> 
     </span>
     <span class='ocr_line' id='line_1_13' title="bbox 430 1166 1961 1226; baseline 0.001 -18"><span class='ocrx_word' id='word_1_96' title='bbox 430 1166 570 1225; x_wconf 89' lang='lat' dir='ltr'>pides,</span> <span class='ocrx_word' id='word_1_97' title='bbox 601 1172 648 1210; x_wconf 88' lang='lat' dir='ltr'>ut</span> <span class='ocrx_word' id='word_1_98' title='bbox 679 1169 790 1211; x_wconf 85' lang='lat' dir='ltr'>alios</span> <span class='ocrx_word' id='word_1_99' title='bbox 817 1169 1039 1220; x_wconf 71' lang='lat' dir='ltr'>omittam.</span> <span class='ocrx_word' id='word_1_100' title='bbox 1070 1169 1131 1211; x_wconf 86' lang='lat' dir='ltr'>ita</span> <span class='ocrx_word' id='word_1_101' title='bbox 1166 1173 1319 1212; x_wconf 86' lang='lat' dir='ltr'>tamen</span> <span class='ocrx_word' id='word_1_102' title='bbox 1348 1168 1532 1211; x_wconf 84' lang='lat' dir='ltr'>mutatis</span> <span class='ocrx_word' id='word_1_103' title='bbox 1565 1167 1801 1226; x_wconf 89' lang='lat' dir='ltr'>paululum</span> <span class='ocrx_word' id='word_1_104' title='bbox 1828 1166 1961 1210; x_wconf 89' lang='lat' dir='ltr'>rebus</span> 
     </span>
     <span class='ocr_line' id='line_1_14' title="bbox 430 1238 1961 1300; baseline 0 -20"><span class='ocrx_word' id='word_1_105' title='bbox 430 1242 471 1281; x_wconf 87' lang='lat' dir='ltr'>et</span> <span class='ocrx_word' id='word_1_106' title='bbox 503 1239 652 1282; x_wconf 82' lang='lat' dir='ltr'>herois</span> <span class='ocrx_word' id='word_1_107' title='bbox 681 1240 848 1286; x_wconf 83' lang='lat' dir='ltr'>indole.</span> <span class='ocrx_word' id='word_1_108' title='bbox 882 1245 931 1283; x_wconf 88' lang='lat' dir='ltr'>ut</span> <span class='ocrx_word' id='word_1_109' title='bbox 965 1241 1195 1300; x_wconf 69' lang='lat' dir='ltr'>Hippolyti</span> <span class='ocrx_word' id='word_1_110' title='bbox 1229 1255 1376 1283; x_wconf 91' lang='lat' dir='ltr'>mores</span> <span class='ocrx_word' id='word_1_111' title='bbox 1407 1239 1600 1282; x_wconf 79' lang='lat' dir='ltr'>Phoenix</span> <span class='ocrx_word' id='word_1_112' title='bbox 1631 1238 1961 1297; x_wconf 69' lang='lat' dir='ltr'>quadamtenus</span> 
     </span>
     <span class='ocr_line' id='line_1_15' title="bbox 428 1309 1979 1370; baseline -0.001 -18"><span class='ocrx_word' id='word_1_113' title='bbox 428 1310 605 1362; x_wconf 74' lang='lat' dir='ltr'>referat,</span> <span class='ocrx_word' id='word_1_114' title='bbox 635 1310 845 1369; x_wconf 87' lang='lat' dir='ltr'>idemque</span> <span class='ocrx_word' id='word_1_115' title='bbox 873 1312 963 1355; x_wconf 87' lang='lat' dir='ltr'>fere</span> <span class='ocrx_word' id='word_1_116' title='bbox 992 1313 1047 1354; x_wconf 89' lang='lat' dir='ltr'>sit</span> <span class='ocrx_word' id='word_1_117' title='bbox 1079 1312 1310 1370; x_wconf 85' lang='lat' dir='ltr'>utriusque</span> <span class='ocrx_word' id='word_1_118' title='bbox 1338 1311 1516 1363; x_wconf 65' lang='lat' dir='ltr'>fabulae,</span> <span class='ocrx_word' id='word_1_119' title='bbox 1542 1309 1764 1352; x_wconf 60' lang='lat' dir='ltr'>Phoenicis</span> <span class='ocrx_word' id='word_1_120' title='bbox 1790 1309 1979 1352; x_wconf 89' lang='lat' dir='ltr'>scilicet.</span> 
     </span>
     <span class='ocr_line' id='line_1_16' title="bbox 428 1381 1959 1441; baseline 0 -18"><span class='ocrx_word' id='word_1_121' title='bbox 428 1384 469 1423; x_wconf 87' lang='lat' dir='ltr'>et</span> <span class='ocrx_word' id='word_1_122' title='bbox 488 1382 738 1440; x_wconf 69' lang='lat' dir='ltr'>Hz&#39;ppolgsti,</span> <span class='ocrx_word' id='word_1_123' title='bbox 773 1388 1109 1441; x_wconf 74' lang='lat' dir='ltr'>argumentum.</span> <span class='ocrx_word' id='word_1_124' title='bbox 1147 1383 1299 1425; x_wconf 87' lang='lat' dir='ltr'>Potuit</span> <span class='ocrx_word' id='word_1_125' title='bbox 1330 1383 1426 1434; x_wconf 75' lang='lat' dir='ltr'>Ion,</span> <span class='ocrx_word' id='word_1_126' title='bbox 1454 1383 1489 1425; x_wconf 86' lang='lat' dir='ltr'>si</span> <span class='ocrx_word' id='word_1_127' title='bbox 1518 1382 1767 1425; x_wconf 87' lang='lat' dir='ltr'>Homerum</span> <span class='ocrx_word' id='word_1_128' title='bbox 1798 1381 1959 1424; x_wconf 87' lang='lat' dir='ltr'>ducem</span> 
     </span>
     <span class='ocr_line' id='line_1_17' title="bbox 427 1452 1959 1512; baseline 0 -17"><span class='ocrx_word' id='word_1_129' title='bbox 427 1456 606 1495; x_wconf 87' lang='lat' dir='ltr'>secutus</span> <span class='ocrx_word' id='word_1_130' title='bbox 628 1457 708 1505; x_wconf 79' lang='lat' dir='ltr'>est,</span> <span class='ocrx_word' id='word_1_131' title='bbox 731 1453 959 1512; x_wconf 84' lang='lat' dir='ltr'>Euripidis</span> <span class='ocrx_word' id='word_1_132' title='bbox 978 1453 1222 1512; x_wconf 71' lang='lat' dir='ltr'>Hippolyto</span> <span class='ocrx_word' id='word_1_133' title='bbox 1237 1453 1587 1497; x_wconf 69' lang='lat' dir='ltr'>aelnula1¹ivelle.</span> <span class='ocrx_word' id='word_1_134' title='bbox 1607 1455 1665 1495; x_wconf 81' lang='lat' dir='ltr'>At</span> <span class='ocrx_word' id='word_1_135' title='bbox 1681 1453 1795 1495; x_wconf 88' lang='lat' dir='ltr'>nihil</span> <span class='ocrx_word' id='word_1_136' title='bbox 1813 1452 1959 1496; x_wconf 86' lang='lat' dir='ltr'>ausim</span> 
     </span>
     <span class='ocr_line' id='line_1_18' title="bbox 425 1524 1958 1584; baseline 0.001 -18"><span class='ocrx_word' id='word_1_137' title='bbox 425 1524 665 1576; x_wconf 85' lang='lat' dir='ltr'>affirmare,</span> <span class='ocrx_word' id='word_1_138' title='bbox 702 1539 807 1568; x_wconf 85' lang='lat' dir='ltr'>cum</span> <span class='ocrx_word' id='word_1_139' title='bbox 840 1525 1019 1568; x_wconf 89' lang='lat' dir='ltr'>nullum</span> <span class='ocrx_word' id='word_1_140' title='bbox 1058 1525 1111 1567; x_wconf 90' lang='lat' dir='ltr'>de</span> <span class='ocrx_word' id='word_1_141' title='bbox 1145 1540 1196 1568; x_wconf 89' lang='lat' dir='ltr'>ea</span> <span class='ocrx_word' id='word_1_142' title='bbox 1232 1540 1277 1568; x_wconf 89' lang='lat' dir='ltr'>re</span> <span class='ocrx_word' id='word_1_143' title='bbox 1315 1524 1432 1584; x_wconf 85' lang='lat' dir='ltr'>apud</span> <span class='ocrx_word' id='word_1_144' title='bbox 1461 1528 1634 1567; x_wconf 86' lang='lat' dir='ltr'>veteres</span> <span class='ocrx_word' id='word_1_145' title='bbox 1665 1527 1807 1567; x_wconf 78' lang='lat' dir='ltr'>exstet</span> <span class='ocrx_word' id='word_1_146' title='bbox 1832 1525 1958 1568; x_wconf 85' lang='lat' dir='ltr'>testi-</span> 
     </span>
     <span class='ocr_line' id='line_1_19' title="bbox 425 1596 646 1638; baseline -0.005 0"><span class='ocrx_word' id='word_1_147' title='bbox 425 1596 646 1638; x_wconf 90' lang='lat' dir='ltr'>monium.</span> 
     </span>
    </p>

    <p class='ocr_par' dir='ltr' id='par_1_4' title="bbox 415 1666 1957 2367">
     <span class='ocr_line' id='line_1_20' title="bbox 482 1666 1957 1726; baseline 0 -17"><span class='ocrx_word' id='word_1_148' title='bbox 482 1667 599 1719; x_wconf 87' lang='lat' dir='ltr'>Quid</span> <span class='ocrx_word' id='word_1_149' title='bbox 622 1671 773 1710; x_wconf 87' lang='lat' dir='ltr'>autem</span> <span class='ocrx_word' id='word_1_150' title='bbox 796 1667 879 1710; x_wconf 89' lang='lat' dir='ltr'>sibi</span> <span class='ocrx_word' id='word_1_151' title='bbox 900 1668 997 1710; x_wconf 66' lang='lat' dir='ltr'>vult</span> <span class='ocrx_word' id='word_1_152' title='bbox 1019 1668 1065 1710; x_wconf 89' lang='lat' dir='ltr'>in</span> <span class='ocrx_word' id='word_1_153' title='bbox 1088 1668 1219 1710; x_wconf 88' lang='lat' dir='ltr'>titulo</span> <span class='ocrx_word' id='word_1_154' title='bbox 1240 1667 1317 1710; x_wconf 88' lang='lat' dir='ltr'>ille</span> <span class='ocrx_word' id='word_1_155' title='bbox 1339 1674 1482 1715; x_wconf 67' lang='grc' dir='ltr'>Καινεύς</span> <span class='ocrx_word' id='word_1_156' title='bbox 1502 1667 1708 1711; x_wconf 71' lang='lat' dir='ltr'>additus?</span> <span class='ocrx_word' id='word_1_157' title='bbox 1726 1666 1844 1719; x_wconf 81' lang='lat' dir='ltr'>Quid</span> <span class='ocrx_word' id='word_1_158' title='bbox 1860 1681 1957 1726; x_wconf 87' lang='lat' dir='ltr'>per-</span> 
     </span>
     <span class='ocr_line' id='line_1_21' title="bbox 421 1738 1957 1798; baseline 0 -17"><span class='ocrx_word' id='word_1_159' title='bbox 421 1739 540 1797; x_wconf 84' lang='lat' dir='ltr'>plexi</span> <span class='ocrx_word' id='word_1_160' title='bbox 572 1754 641 1782; x_wconf 84' lang='lat' dir='ltr'>res</span> <span class='ocrx_word' id='word_1_161' title='bbox 663 1739 825 1782; x_wconf 84' lang='lat' dir='ltr'>habeat</span> <span class='ocrx_word' id='word_1_162' title='bbox 853 1739 965 1782; x_wconf 73' lang='lat' dir='ltr'>vidit</span> <span class='ocrx_word' id='word_1_163' title='bbox 991 1739 1338 1798; x_wconf 73' lang='lat' dir='ltr'>Nieberdingius</span> <span class='ocrx_word' id='word_1_164' title='bbox 1360 1741 1389 1790; x_wconf 63' lang='grc' dir='ltr'>ὃ,</span> <span class='ocrx_word' id='word_1_165' title='bbox 1416 1755 1521 1783; x_wconf 87' lang='lat' dir='ltr'>cum</span> <span class='ocrx_word' id='word_1_166' title='bbox 1544 1739 1730 1783; x_wconf 60' lang='lat' dir='ltr'>Caeneus</span> <span class='ocrx_word' id='word_1_167' title='bbox 1753 1742 1795 1782; x_wconf 89' lang='lat' dir='ltr'>et</span> <span class='ocrx_word' id='word_1_168' title='bbox 1825 1738 1957 1781; x_wconf 82' lang='lat' dir='ltr'>Phoe-</span> 
     </span>
     <span class='ocr_line' id='line_1_22' title="bbox 420 1809 1955 1869; baseline -0.001 -16"><span class='ocrx_word' id='word_1_169' title='bbox 420 1810 499 1853; x_wconf 84' lang='lat' dir='ltr'>nix</span> <span class='ocrx_word' id='word_1_170' title='bbox 521 1810 596 1852; x_wconf 87' lang='lat' dir='ltr'>ille</span> <span class='ocrx_word' id='word_1_171' title='bbox 618 1810 885 1854; x_wconf 75' lang='lat' dir='ltr'>Homericus</span> <span class='ocrx_word' id='word_1_172' title='bbox 901 1810 1220 1854; x_wconf 81' lang='lat' dir='ltr'>diversissimis</span> <span class='ocrx_word' id='word_1_173' title='bbox 1241 1811 1520 1869; x_wconf 72' lang='lat' dir='ltr'>temporibus</span> <span class='ocrx_word' id='word_1_174' title='bbox 1542 1811 1750 1853; x_wconf 79' lang='lat' dir='ltr'>vixerint.</span> <span class='ocrx_word' id='word_1_175' title='bbox 1776 1809 1955 1853; x_wconf 81' lang='lat' dir='ltr'>Nodum</span> 
     </span>
     <span class='ocr_line' id='line_1_23' title="bbox 422 1880 1956 1940; baseline 0 -17"><span class='ocrx_word' id='word_1_176' title='bbox 422 1881 629 1940; x_wconf 77' lang='lat' dir='ltr'>expedire</span> <span class='ocrx_word' id='word_1_177' title='bbox 651 1885 839 1925; x_wconf 86' lang='lat' dir='ltr'>conatus</span> <span class='ocrx_word' id='word_1_178' title='bbox 861 1885 925 1924; x_wconf 91' lang='lat' dir='ltr'>est</span> <span class='ocrx_word' id='word_1_179' title='bbox 946 1882 1184 1940; x_wconf 77' lang='lat' dir='ltr'>Koepkius.</span> <span class='ocrx_word' id='word_1_180' title='bbox 1210 1882 1283 1939; x_wconf 85' lang='lat' dir='ltr'>qui</span> <span class='ocrx_word' id='word_1_181' title='bbox 1307 1881 1626 1924; x_wconf 80' lang='lat' dir='ltr'>animadvertit</span> <span class='ocrx_word' id='word_1_182' title='bbox 1647 1882 1694 1924; x_wconf 91' lang='lat' dir='ltr'>in</span> <span class='ocrx_word' id='word_1_183' title='bbox 1715 1881 1810 1940; x_wconf 86' lang='lat' dir='ltr'>apri</span> <span class='ocrx_word' id='word_1_184' title='bbox 1828 1880 1956 1939; x_wconf 83' lang='lat' dir='ltr'>Caly-</span> 
     </span>
     <span class='ocr_line' id='line_1_24' title="bbox 421 1951 1953 2005; baseline -0.001 -10"><span class='ocrx_word' id='word_1_185' title='bbox 421 1952 549 1995; x_wconf 88' lang='lat' dir='ltr'>donis</span> <span class='ocrx_word' id='word_1_186' title='bbox 569 1953 810 1996; x_wconf 76' lang='lat' dir='ltr'>venatione</span> <span class='ocrx_word' id='word_1_187' title='bbox 827 1953 963 1996; x_wconf 90' lang='lat' dir='ltr'>simul</span> <span class='ocrx_word' id='word_1_188' title='bbox 982 1953 1179 1996; x_wconf 79' lang='lat' dir='ltr'>adfuisse</span> <span class='ocrx_word' id='word_1_189' title='bbox 1199 1953 1410 1996; x_wconf 60' lang='lat' dir='ltr'>Caeneum</span> <span class='ocrx_word' id='word_1_190' title='bbox 1430 1957 1472 1996; x_wconf 86' lang='lat' dir='ltr'>et</span> <span class='ocrx_word' id='word_1_191' title='bbox 1486 1953 1765 2005; x_wconf 82' lang='lat' dir='ltr'>Phoenieem,</span> <span class='ocrx_word' id='word_1_192' title='bbox 1787 1956 1830 1995; x_wconf 90' lang='lat' dir='ltr'>et</span> <span class='ocrx_word' id='word_1_193' title='bbox 1849 1951 1953 1995; x_wconf 90' lang='lat' dir='ltr'>inde</span> 
     </span>
     <span class='ocr_line' id='line_1_25' title="bbox 418 2023 1951 2083; baseline 0.001 -18"><span class='ocrx_word' id='word_1_194' title='bbox 418 2027 559 2066; x_wconf 85' lang='lat' dir='ltr'>totam</span> <span class='ocrx_word' id='word_1_195' title='bbox 580 2023 702 2067; x_wconf 90' lang='lat' dir='ltr'>Ionis</span> <span class='ocrx_word' id='word_1_196' title='bbox 724 2024 925 2067; x_wconf 85' lang='lat' dir='ltr'>fabulam</span> <span class='ocrx_word' id='word_1_197' title='bbox 947 2024 1185 2068; x_wconf 86' lang='lat' dir='ltr'>deductam</span> <span class='ocrx_word' id='word_1_198' title='bbox 1217 2039 1312 2067; x_wconf 89' lang='lat' dir='ltr'>esse</span> <span class='ocrx_word' id='word_1_199' title='bbox 1341 2028 1480 2083; x_wconf 87' lang='lat' dir='ltr'>putat.</span> <span class='ocrx_word' id='word_1_200' title='bbox 1509 2024 1772 2083; x_wconf 83' lang='lat' dir='ltr'>Suspicatur</span> <span class='ocrx_word' id='word_1_201' title='bbox 1791 2027 1951 2083; x_wconf 80' lang='lat' dir='ltr'>praete-</span> 
     </span>
     <span class='ocr_line' id='line_1_26' title="bbox 418 2095 1947 2155; baseline -0.001 -17"><span class='ocrx_word' id='word_1_202' title='bbox 418 2110 508 2147; x_wconf 82' lang='lat' dir='ltr'>rea,</span> <span class='ocrx_word' id='word_1_203' title='bbox 534 2110 638 2138; x_wconf 91' lang='lat' dir='ltr'>cum</span> <span class='ocrx_word' id='word_1_204' title='bbox 671 2099 852 2154; x_wconf 88' lang='lat' dir='ltr'>propter</span> <span class='ocrx_word' id='word_1_205' title='bbox 874 2096 1101 2154; x_wconf 84' lang='lat' dir='ltr'>duplicem</span> <span class='ocrx_word' id='word_1_206' title='bbox 1131 2096 1332 2143; x_wconf 80' lang='lat' dir='ltr'>titulum,</span> <span class='ocrx_word' id='word_1_207' title='bbox 1356 2123 1413 2127; x_wconf 97' lang='lat'><strong>—</strong></span> <span class='ocrx_word' id='word_1_208' title='bbox 1435 2096 1599 2155; x_wconf 78' lang='lat' dir='ltr'>duplex</span> <span class='ocrx_word' id='word_1_209' title='bbox 1626 2096 1748 2139; x_wconf 88' lang='lat' dir='ltr'>enim</span> <span class='ocrx_word' id='word_1_210' title='bbox 1774 2095 1947 2148; x_wconf 86' lang='lat' dir='ltr'>titulus,</span> 
     </span>
     <span class='ocr_line' id='line_1_27' title="bbox 417 2165 1948 2224; baseline 0 -16"><span class='ocrx_word' id='word_1_211' title='bbox 417 2165 579 2224; x_wconf 81' lang='lat' dir='ltr'>inquit,</span> <span class='ocrx_word' id='word_1_212' title='bbox 604 2167 807 2224; x_wconf 72' lang='lat' dir='ltr'>satyricis</span> <span class='ocrx_word' id='word_1_213' title='bbox 828 2170 1006 2210; x_wconf 87' lang='lat' dir='ltr'>tantum</span> <span class='ocrx_word' id='word_1_214' title='bbox 1028 2167 1305 2211; x_wconf 85' lang='lat' dir='ltr'>dramatibus</span> <span class='ocrx_word' id='word_1_215' title='bbox 1327 2172 1402 2211; x_wconf 88' lang='lat' dir='ltr'>aut</span> <span class='ocrx_word' id='word_1_216' title='bbox 1421 2167 1655 2211; x_wconf 82' lang='lat' dir='ltr'>comoediis</span> <span class='ocrx_word' id='word_1_217' title='bbox 1674 2166 1948 2218; x_wconf 76' lang='lat' dir='ltr'>inscribitur,</span> 
     </span>
     <span class='ocr_line' id='line_1_28' title="bbox 416 2237 1953 2297; baseline 0.001 -18"><span class='ocrx_word' id='word_1_218' title='bbox 416 2241 587 2280; x_wconf 90' lang='lat' dir='ltr'>—tum</span> <span class='ocrx_word' id='word_1_219' title='bbox 608 2241 790 2296; x_wconf 88' lang='lat' dir='ltr'>propter</span> <span class='ocrx_word' id='word_1_220' title='bbox 808 2237 1037 2296; x_wconf 84' lang='lat' dir='ltr'>duplicem</span> <span class='ocrx_word' id='word_1_221' title='bbox 1066 2239 1212 2282; x_wconf 80' lang='lat' dir='ltr'>Caenei</span> <span class='ocrx_word' id='word_1_222' title='bbox 1239 2243 1448 2282; x_wconf 84' lang='lat' dir='ltr'>naturam</span> <span class='ocrx_word' id='word_1_223' title='bbox 1479 2243 1521 2282; x_wconf 91' lang='lat' dir='ltr'>et</span> <span class='ocrx_word' id='word_1_224' title='bbox 1550 2238 1767 2297; x_wconf 85' lang='lat' dir='ltr'>quasdam</span> <span class='ocrx_word' id='word_1_225' title='bbox 1789 2253 1858 2281; x_wconf 91' lang='lat' dir='ltr'>res</span> <span class='ocrx_word' id='word_1_226' title='bbox 1883 2256 1902 2277; x_wconf 88' lang='lat'>«</span> <span class='ocrx_word' id='word_1_227' title='bbox 1927 2253 1953 2281; x_wconf 86' lang='lat' dir='ltr'>a</span> 
     </span>
     <span class='ocr_line' id='line_1_29' title="bbox 415 2308 1952 2367; baseline 0.001 -16"><span class='ocrx_word' id='word_1_228' title='bbox 415 2308 631 2367; x_wconf 59' lang='lat' dir='ltr'>tragoedia</span> <span class='ocrx_word' id='word_1_229' title='bbox 661 2309 715 2352; x_wconf 93' lang='lat' dir='ltr'>ob</span> <span class='ocrx_word' id='word_1_230' title='bbox 743 2313 1009 2367; x_wconf 85' lang='lat' dir='ltr'>apparatum</span> <span class='ocrx_word' id='word_1_231' title='bbox 1031 2310 1262 2354; x_wconf 86' lang='lat' dir='ltr'>scenicum</span> <span class='ocrx_word' id='word_1_232' title='bbox 1287 2311 1456 2354; x_wconf 88' lang='lat' dir='ltr'>alienas</span> <span class='ocrx_word' id='word_1_233' title='bbox 1488 2330 1525 2364; x_wconf 81' lang='lat'>›&gt;,</span> <span class='ocrx_word' id='word_1_234' title='bbox 1559 2310 1680 2354; x_wconf 90' lang='lat' dir='ltr'>Ionis</span> <span class='ocrx_word' id='word_1_235' title='bbox 1702 2310 1858 2353; x_wconf 89' lang='lat' dir='ltr'>drama</span> <span class='ocrx_word' id='word_1_236' title='bbox 1880 2325 1952 2353; x_wconf 88' lang='lat' dir='ltr'>sa-</span> 
     </span>
    </p>
   </div>
   <div class='ocr_carea' id='block_1_3' title="bbox 410 2462 1951 2934">
    <p class='ocr_par' dir='ltr' id='par_1_5' title="bbox 413 2462 1951 2603">
     <span class='ocr_line' id='line_1_30' title="bbox 457 2462 1950 2508; baseline 0.002 -15"><span class='ocrx_word' id='word_1_237' title='bbox 457 2464 484 2494; x_wconf 83' lang='grc'>1.</span> <span class='ocrx_word' id='word_1_238' title='bbox 507 2462 591 2495; x_wconf 72' lang='lat' dir='ltr'>Vide</span> <span class='ocrx_word' id='word_1_239' title='bbox 611 2462 703 2504; x_wconf 85' lang='lat' dir='ltr'>apud</span> <span class='ocrx_word' id='word_1_240' title='bbox 724 2462 857 2499; x_wconf 76' lang='lat' dir='ltr'>Nauck,</span> <span class='ocrx_word' id='word_1_241' title='bbox 882 2463 1021 2503; x_wconf 70' lang='lat' dir='ltr'>Fragym.</span> <span class='ocrx_word' id='word_1_242' title='bbox 1046 2464 1265 2502; x_wconf 68' lang='lat' dir='ltr'>Trafsicorztm</span> <span class='ocrx_word' id='word_1_243' title='bbox 1291 2475 1495 2504; x_wconf 60' lang='lat' dir='ltr'>qroecornm,</span> <span class='ocrx_word' id='word_1_244' title='bbox 1514 2476 1548 2508; x_wconf 91' lang='lat' dir='ltr'>p.</span> <span class='ocrx_word' id='word_1_245' title='bbox 1571 2467 1640 2504; x_wconf 76' lang='lat'>733,</span> <span class='ocrx_word' id='word_1_246' title='bbox 1662 2465 1743 2497; x_wconf 88' lang='lat' dir='ltr'>edit.</span> <span class='ocrx_word' id='word_1_247' title='bbox 1773 2466 1862 2503; x_wconf 82' lang='lat'><strong>1889,</strong></span> <span class='ocrx_word' id='word_1_248' title='bbox 1885 2465 1950 2496; x_wconf 86' lang='lat' dir='ltr'>mi-</span> 
     </span>
     <span class='ocr_line' id='line_1_31' title="bbox 414 2506 1951 2555; baseline 0 -13"><span class='ocrx_word' id='word_1_249' title='bbox 414 2511 506 2542; x_wconf 80' lang='lat' dir='ltr'>nime</span> <span class='ocrx_word' id='word_1_250' title='bbox 528 2506 762 2551; x_wconf 69' lang='lat' dir='ltr'>spernendam</span> <span class='ocrx_word' id='word_1_251' title='bbox 785 2511 1025 2550; x_wconf 76' lang='lat' dir='ltr'>conjecturam</span> <span class='ocrx_word' id='word_1_252' title='bbox 1051 2521 1157 2552; x_wconf 78' lang='lat' dir='ltr'>quam</span> <span class='ocrx_word' id='word_1_253' title='bbox 1179 2512 1211 2543; x_wconf 90' lang='lat' dir='ltr'>C.</span> <span class='ocrx_word' id='word_1_254' title='bbox 1233 2513 1369 2544; x_wconf 78' lang='lat' dir='ltr'>FrIehel</span> <span class='ocrx_word' id='word_1_255' title='bbox 1395 2514 1535 2555; x_wconf 87' lang='lat' dir='ltr'>primus</span> <span class='ocrx_word' id='word_1_256' title='bbox 1563 2513 1773 2552; x_wconf 63' lang='lat' dir='ltr'>enuntiavit,</span> <span class='ocrx_word' id='word_1_257' title='bbox 1801 2511 1951 2555; x_wconf 79' lang='grc' dir='ltr'>Ἀργείοις</span> 
     </span>
     <span class='ocr_line' id='line_1_32' title="bbox 413 2557 1584 2603; baseline 0.003 -14"><span class='ocrx_word' id='word_1_258' title='bbox 413 2560 553 2589; x_wconf 76' lang='lat' dir='ltr'>mutans</span> <span class='ocrx_word' id='word_1_259' title='bbox 573 2557 611 2587; x_wconf 87' lang='lat' dir='ltr'>in</span> <span class='ocrx_word' id='word_1_260' title='bbox 634 2557 755 2598; x_wconf 71' lang='grc' dir='ltr'>ἀχρεῖοι</span> <span class='ocrx_word' id='word_1_261' title='bbox 775 2577 813 2580; x_wconf 83' lang='grc'>-</span> <span class='ocrx_word' id='word_1_262' title='bbox 833 2558 879 2589; x_wconf 83' lang='lat' dir='ltr'>Cf.</span> <span class='ocrx_word' id='word_1_263' title='bbox 906 2559 1079 2597; x_wconf 56' lang='lat' dir='ltr'>Welckeu</span> <span class='ocrx_word' id='word_1_264' title='bbox 1101 2560 1155 2590; x_wconf 79' lang='lat' dir='ltr'>(lie</span> <span class='ocrx_word' id='word_1_265' title='bbox 1171 2560 1302 2591; x_wconf 76' lang='lat' dir='ltr'>Griech.</span> <span class='ocrx_word' id='word_1_266' title='bbox 1329 2562 1440 2602; x_wconf 65' lang='lat' dir='ltr'>Tray..</span> <span class='ocrx_word' id='word_1_267' title='bbox 1460 2572 1493 2603; x_wconf 91' lang='lat' dir='ltr'>p.</span> <span class='ocrx_word' id='word_1_268' title='bbox 1515 2563 1584 2593; x_wconf 76' lang='lat'>937.</span> 
     </span>
    </p>

    <p class='ocr_par' dir='ltr' id='par_1_6' title="bbox 454 2605 1218 2645">
     <span class='ocr_line' id='line_1_33' title="bbox 454 2605 1218 2645; baseline 0.003 -9"><span class='ocrx_word' id='word_1_269' title='bbox 454 2607 483 2636; x_wconf 77' lang='lat'>2.</span> <span class='ocrx_word' id='word_1_270' title='bbox 504 2605 703 2642; x_wconf 72' lang='lat' dir='ltr'>Athenaeus,</span> <span class='ocrx_word' id='word_1_271' title='bbox 729 2606 799 2644; x_wconf 65' lang='lat' dir='ltr'>VH,</span> <span class='ocrx_word' id='word_1_272' title='bbox 823 2606 880 2636; x_wconf 82' lang='lat'>318</span> <span class='ocrx_word' id='word_1_273' title='bbox 901 2615 936 2639; x_wconf 77' lang='lat' dir='ltr'>e:</span> <span class='ocrx_word' id='word_1_274' title='bbox 961 2606 1094 2645; x_wconf 68' lang='lat' dir='ltr'>Pollux,</span> <span class='ocrx_word' id='word_1_275' title='bbox 1117 2609 1147 2645; x_wconf 76' lang='lat'>9,</span> <span class='ocrx_word' id='word_1_276' title='bbox 1169 2609 1218 2639; x_wconf 75' lang='lat'>37.</span> 
     </span>
    </p>

    <p class='ocr_par' dir='ltr' id='par_1_7' title="bbox 416 2653 1948 2732">
     <span class='ocr_line' id='line_1_34' title="bbox 454 2653 1948 2700; baseline 0.005 -17"><span class='ocrx_word' id='word_1_277' title='bbox 454 2656 482 2684; x_wconf 83' lang='lat'>3.</span> <span class='ocrx_word' id='word_1_278' title='bbox 504 2653 703 2688; x_wconf 75' lang='lat' dir='ltr'>Athenaeus,</span> <span class='ocrx_word' id='word_1_279' title='bbox 730 2653 788 2690; x_wconf 87' lang='grc' dir='ltr'>ΙΙΙ,</span> <span class='ocrx_word' id='word_1_280' title='bbox 818 2653 909 2692; x_wconf 75' lang='grc' dir='ltr'>9Ιά;</span> <span class='ocrx_word' id='word_1_281' title='bbox 941 2654 996 2692; x_wconf 79' lang='lat' dir='ltr'>lv,</span> <span class='ocrx_word' id='word_1_282' title='bbox 1028 2655 1081 2685; x_wconf 76' lang='lat'>184</span> <span class='ocrx_word' id='word_1_283' title='bbox 1112 2655 1153 2693; x_wconf 85' lang='lat' dir='ltr'>f.;</span> <span class='ocrx_word' id='word_1_284' title='bbox 1185 2656 1222 2693; x_wconf 84' lang='lat' dir='ltr'>X,</span> <span class='ocrx_word' id='word_1_285' title='bbox 1245 2657 1301 2687; x_wconf 74' lang='lat'>451</span> <span class='ocrx_word' id='word_1_286' title='bbox 1331 2656 1371 2695; x_wconf 88' lang='lat' dir='ltr'>d;</span> <span class='ocrx_word' id='word_1_287' title='bbox 1398 2657 1512 2689; x_wconf 77' lang='lat' dir='ltr'>Schcl.</span> <span class='ocrx_word' id='word_1_288' title='bbox 1541 2658 1719 2700; x_wconf 81' lang='lat' dir='ltr'>Aristoph.</span> <span class='ocrx_word' id='word_1_289' title='bbox 1749 2657 1792 2691; x_wconf 90' lang='lat' dir='ltr'>ad</span> <span class='ocrx_word' id='word_1_290' title='bbox 1820 2658 1948 2696; x_wconf 64' lang='lat' dir='ltr'>Ranae,</span> 
     </span>
     <span class='ocr_line' id='line_1_35' title="bbox 416 2700 524 2732; baseline 0 -2"><span class='ocrx_word' id='word_1_291' title='bbox 416 2710 446 2732; x_wconf 75' lang='lat' dir='ltr'>v.</span> <span class='ocrx_word' id='word_1_292' title='bbox 465 2700 524 2731; x_wconf 75' lang='lat'>‘106</span> 
     </span>
    </p>

    <p class='ocr_par' dir='ltr' id='par_1_8' title="bbox 451 2749 1335 2793">
     <span class='ocr_line' id='line_1_36' title="bbox 451 2749 1335 2793; baseline 0.006 -15"><span class='ocrx_word' id='word_1_293' title='bbox 451 2750 481 2778; x_wconf 80' lang='lat'>4.</span> <span class='ocrx_word' id='word_1_294' title='bbox 503 2749 702 2782; x_wconf 55' lang='lat' dir='ltr'>Athenaeus.</span> <span class='ocrx_word' id='word_1_295' title='bbox 724 2750 778 2787; x_wconf 72' lang='lat' dir='ltr'>lv,</span> <span class='ocrx_word' id='word_1_296' title='bbox 799 2750 854 2780; x_wconf 73' lang='lat'>183</span> <span class='ocrx_word' id='word_1_297' title='bbox 870 2759 909 2788; x_wconf 64' lang='grc' dir='ltr'>ἃς</span> <span class='ocrx_word' id='word_1_298' title='bbox 935 2750 1143 2790; x_wconf 71' lang='lat' dir='ltr'>Hesychius,</span> <span class='ocrx_word' id='word_1_299' title='bbox 1161 2754 1191 2786; x_wconf 68' lang='grc'>4,</span> <span class='ocrx_word' id='word_1_300' title='bbox 1215 2762 1247 2793; x_wconf 91' lang='lat' dir='ltr'>p.</span> <span class='ocrx_word' id='word_1_301' title='bbox 1269 2753 1335 2783; x_wconf 79' lang='lat'>157.</span> 
     </span>
    </p>

    <p class='ocr_par' dir='ltr' id='par_1_9' title="bbox 410 2796 1947 2886">
     <span class='ocr_line' id='line_1_37' title="bbox 452 2796 1947 2843; baseline 0.005 -17"><span class='ocrx_word' id='word_1_302' title='bbox 452 2796 479 2826; x_wconf 80' lang='lat'>5.</span> <span class='ocrx_word' id='word_1_303' title='bbox 503 2796 587 2827; x_wconf 84' lang='lat' dir='ltr'>Vide</span> <span class='ocrx_word' id='word_1_304' title='bbox 608 2796 854 2827; x_wconf 70' lang='lat' dir='ltr'>Walekenaerii</span> <span class='ocrx_word' id='word_1_305' title='bbox 873 2797 1047 2828; x_wconf 79' lang='lat' dir='ltr'>diatriben</span> <span class='ocrx_word' id='word_1_306' title='bbox 1068 2798 1109 2829; x_wconf 87' lang='lat' dir='ltr'>de</span> <span class='ocrx_word' id='word_1_307' title='bbox 1130 2799 1297 2831; x_wconf 72' lang='lat' dir='ltr'>Phcenicis</span> <span class='ocrx_word' id='word_1_308' title='bbox 1317 2800 1496 2842; x_wconf 86' lang='lat' dir='ltr'>Euripidei</span> <span class='ocrx_word' id='word_1_309' title='bbox 1518 2803 1727 2843; x_wconf 79' lang='lat' dir='ltr'>argumento</span> <span class='ocrx_word' id='word_1_310' title='bbox 1749 2801 1947 2843; x_wconf 75' lang='lat' dir='ltr'>(Euripidis</span> 
     </span>
     <span class='ocr_line' id='line_1_38' title="bbox 410 2844 1190 2886; baseline 0.004 -13"><span class='ocrx_word' id='word_1_311' title='bbox 410 2852 524 2883; x_wconf 76' lang='lat' dir='ltr'>opera,</span> <span class='ocrx_word' id='word_1_312' title='bbox 545 2844 626 2875; x_wconf 77' lang='lat' dir='ltr'>edit.</span> <span class='ocrx_word' id='word_1_313' title='bbox 650 2844 820 2885; x_wconf 69' lang='lat' dir='ltr'>Glasguae‚</span> <span class='ocrx_word' id='word_1_314' title='bbox 844 2845 930 2882; x_wconf 66' lang='lat' dir='ltr'><strong>VIII,</strong></span> <span class='ocrx_word' id='word_1_315' title='bbox 952 2855 984 2886; x_wconf 88' lang='lat' dir='ltr'>p.</span> <span class='ocrx_word' id='word_1_316' title='bbox 1005 2846 1063 2876; x_wconf 72' lang='lat'>259</span> <span class='ocrx_word' id='word_1_317' title='bbox 1085 2846 1190 2886; x_wconf 57' lang='lat' dir='ltr'>sqq).</span> 
     </span>
    </p>

    <p class='ocr_par' dir='ltr' id='par_1_10' title="bbox 451 2891 1136 2934">
     <span class='ocr_line' id='line_1_39' title="bbox 451 2891 1136 2934; baseline 0.006 -14"><span class='ocrx_word' id='word_1_318' title='bbox 451 2891 479 2920; x_wconf 80' lang='lat' dir='ltr'>G.</span> <span class='ocrx_word' id='word_1_319' title='bbox 500 2891 721 2933; x_wconf 72' lang='lat' dir='ltr'>Nieberding.</span> <span class='ocrx_word' id='word_1_320' title='bbox 738 2901 792 2933; x_wconf 82' lang='lat' dir='ltr'>op.</span> <span class='ocrx_word' id='word_1_321' title='bbox 816 2892 924 2930; x_wconf 57' lang='lat' dir='ltr'>laud..</span> <span class='ocrx_word' id='word_1_322' title='bbox 947 2902 979 2933; x_wconf 81' lang='lat' dir='ltr'>q.</span> <span class='ocrx_word' id='word_1_323' title='bbox 998 2894 1035 2924; x_wconf 72' lang='lat'>33</span> <span class='ocrx_word' id='word_1_324' title='bbox 1061 2902 1136 2934; x_wconf 78' lang='lat' dir='ltr'>sqq.</span> 
     </span>
    </p>
   </div>
  </div>
 </body>
</html>
