2125 3534
770 281 997 323 —65-

117 391 275 436 'minus
302 406 436 451 quam
464 406 680 436 sonorum
709 391 912 443 studiosi,
948 391 1140 450 strophis
1167 393 1469 452 antistrophas
1496 408 1635 453 oppo—

121 477 227 507 nere
264 463 513 515 desiissent,
549 478 619 515 ne,
654 463 772 505 intra
800 461 955 505 eadem
987 463 1127 520 spatia
1149 478 1324 521 semper
1351 463 1636 507 volventibus

121 534 334 577 carminis
353 534 566 593 partibu5‚
591 536 804 576 cantuum
833 547 1004 584 cursus,
1036 533 1125 575 imo
1153 534 1345 592 impetus
1372 537 1413 577 et
1435 534 1501 576 vis
1521 535 1634 578 iuci-

119 606 208 647 tata
245 604 510 655 tardaretur,
542 617 806 662 persuasum
839 602 999 645 habero
1041 618 1277 661 possumus
1316 603 1470 647 Ionem
1501 605 1634 647 etiam

119 673 324 717 eamdem
356 675 672 733 rhythmorum
697 673 915 716 rationem
943 688 1196 732 usurpasse,
1219 673 1481 732 justumque
1521 679 1634 718 stro-

119 745 311 804 pharum
326 747 368 788 et
385 744 767 804 antistropharum
795 743 998 786 ordinem
1022 745 1284 801 neglexisse.

176 814 304 868 Quod
343 815 397 858 ad
433 816 552 858 Ionis
587 816 633 858 in
663 815 959 873 dithyrambis
992 815 1155 873 stylum
1188 816 1391 873 pertinet.
1428 815 1633 859 uberiora

117 885 267 946 paulo,
303 901 395 929 non
426 890 516 930 tam
546 901 568 929 e
597 885 859 944 fragmentis
895 885 1090 943 quidem,
1123 901 1218 943 quw
1242 901 1453 944 perquam
1482 887 1633 929 brevia

117 961 236 1010 sunt,
267 972 401 1016 quam
431 972 454 1000 e
481 956 749 1015 quibusdam
776 956 1092 1014 Aristophanis
1115 957 1222 1000 locis
1250 957 1398 1015 colligi
1429 962 1627 1016 possunt,

114 1028 362 1088 praesertim
392 1043 446 1071 ex
466 1027 534 1070 his
567 1042 588 1070 e
622 1029 734 1070 Pace
766 1027 915 1086 petitis
947 1027 1162 1079 versibus,
1204 1028 1250 1070 in
1282 1028 1443 1086 quibus
1476 1042 1631 1070 servus

115 1098 298 1157 quidam
349 1102 391 1141 et
439 1098 664 1157 Trygaeus,
707 1112 730 1140 e
780 1096 1037 1140 coelestibus
1088 1099 1241 1156 spatiis
1297 1098 1450 1150 redux,
1491 1098 1630 1142 collo-

114 1175 315 1231 quuntur
335 1172 345 1196 ¹
374 1184 382 1213 :

112 1301 239 1337 Ser-uus
307 1312 318 1336 :
339 1300 524 1335 Vidistine
545 1299 663 1334 alium
684 1309 798 1344 quem
818 1299 953 1343 virum,
974 1310 1041 1345 per
1060 1309 1148 1335 aera

337 1362 542 1403 errantem,
565 1362 703 1405 praeter
724 1362 758 1393 te
781 1358 934 1404 ipsum?

117 1419 284 1464 Tryqaeus
303 1430 314 1454 .·
334 1418 503 1462 Nullum,
526 1418 599 1452 nisi
620 1418 718 1452 forte

336 1479 483 1513 animas
505 1478 579 1512 duo
600 1480 665 1511 aut
686 1480 762 1512 tres
783 1476 1151 1522 dithyrambicorum
1173 1479 1383 1522 poetarum.

111 1537 207 1572 Serv.
299 1548 310 1572 .·
331 1536 427 1578 Quid
448 1536 609 1583 agebant
628 1535 731 1571 illae?

114 1597 195 1640 Try.
302 1607 313 1631 .·
334 1595 571 1642 Colligebant
589 1595 793 1630 volitantes
815 1595 998 1641 prooemia
1018 1593 1085 1628 illa

335 1654 1112 1700 ad-viros-aerem-tranantes—pertinentia
1133 1653 1159 1689 2.

108 1714 204 1750 Serv.
297 1725 308 1749 :
328 1715 460 1748 Nonne
481 1718 590 1748 erant
612 1713 726 1748 etiam
749 1714 786 1748 in
807 1724 893 1748 aere
913 1714 986 1748 illm

330 1772 368 1806 in
387 1782 480 1817 quas
501 1772 595 1806 verti
617 1772 810 1816 dicuntur,
834 1773 899 1817 qui
919 1773 1148 1817 moriuntur,
1172 1771 1319 1807 stellas?

112 1832 193 1875 Try.
297 1843 309 1866 .·
330 1831 445 1866 Erant
465 1831 634 1876 quidem.

89 1891 203 1930 Serv.
296 1903 308 1926 .·
328 1891 416 1933 Quze
437 1902 523 1926 vero
546 1902 647 1926 nunc
670 1891 749 1925 illic
771 1891 883 1925 stella
900 1891 984 1926 est?

109 1950 190 1994 Try.
298 1962 309 1985 .·
328 1951 395 1984 Ion
417 1949 544 1993 Chius,
568 1950 631 1995 qui
653 1950 744 1984 olim
766 1951 981 1995 composuit

350 2009 510 2044 Athenis
530 2009 626 2043 illud
648 2019 748 2044 mane
769 2011 935 2044 orientem
961 2009 1097 2055 (verbis
1128 2009 1316 2054 incipiens
1350 2008 1531 2055 carmen).
1555 2008 1623 2044 Ubi

402 2079 490 2103 vero
511 2068 675 2112 advenit,
699 2069 827 2103 statim

346 2129 635 2163 mane-orientem
656 2138 789 2163 omnes
810 2139 897 2163 eum
917 2131 1147 2163 vocaverunt
1165 2127 1303 2164 stellam
1324 2127 1350 2164 3.

157 2271 224 2315 Ex
233 2271 302 2315 his
315 2271 512 2330 primum
523 2270 819 2330 intelligimus
832 2271 989 2314 Ionem
1002 2271 1049 2314 in
1061 2271 1336 2315 carminibus
1349 2270 1491 2314 multa
1501 2285 1621 2314 com-

102 2343 246 2401 posita
274 2342 410 2386 verba
442 2343 776 2386 coacervavisse
798 2346 839 2385 et
878 2342 1085 2401 epithetis
1112 2342 1427 2386 tumidioribus
1454 2343 1618 2385 oratio-

99 2428 205 2457 nem
232 2428 360 2457 suam
382 2413 693 2457 exoneravisse
712 2414 742 2456 4.
767 2412 893 2457 Adde
915 2413 1033 2472 quod
1053 2428 1146 2457 non
1164 2413 1400 2472 respuebat
1425 2419 1616 2471 ὀξυμώρων

139 2561 167 2591 1.
189 2559 380 2602 Aristoph.,
402 2560 488 2598 Pax,
509 2569 542 2591 v,
566 2560 623 2591 828
641 2568 715 2600 sqq.

137 2608 166 2638 2.
189 2606 386 2641 ἀναὸολὰς...
405 2609 459 2642 τὰς
478 2606 857 2648 ἐνδιαεριαιερινηχέτους
873 2607 968 2641 τινάς.

137 2655 166 2686 3.
187 2654 289 2685 Ἀοῖον
310 2654 406 2685 αὐτὸν
427 2655 542 2689 πάντες
558 2654 694 2685 ἐκάλουν
718 2653 842 2695 ἀστέρα.

139 2703 168 2733 4.
194 2702 265 2734 Hoc
286 2701 393 2734 fuisse
413 2703 506 2734 Ionis
528 2702 832 2742 dithyramborum
857 2701 979 2733 vitium
994 2701 1169 2743 significat
1192 2701 1314 2734 Suidas
1333 2713 1339 2733 :
1363 2701 1480 2737 ..οὗτος
1499 2703 1614 2745 ἔγραψε

98 2749 171 2790 περὶ
188 2749 351 2790 μετεώρων
371 2750 426 2779 καὶ
443 2749 608 2783 συνθέτους
627 2749 745 2789 λόγους
759 2749 846 2791 (lege
859 2749 984 2790 λέξεις),
1006 2750 1040 2780 ὃν
1054 2750 1174 2787 παίζων
1190 2749 1414 2791 Ἀριστοφάνης
1435 2750 1450 2781 ὁ
1471 2753 1613 2790 κωμικὸς

73 2811 75 2813 ’
100 2795 190 2827 ἀοῖόν
225 2807 322 2838 φησιν
353 2797 392 2837 (s.
423 2806 455 2828 v„
487 2796 579 2837 Ἴων).
611 2815 649 2819 -
678 2797 751 2837 περὶ
780 2798 841 2826 τῶν
861 2797 1024 2837 μετεώρων
1057 2799 1111 2827 καὶ
1143 2799 1203 2827 τῶν
1235 2797 1375 2839 νεφελῶν
1409 2797 1538 2838 λέγουσι
1570 2799 1613 2839 (οἱ

96 2843 478 2885 διθυραμόοδιδάσκαλοι)
494 2843 617 2879 πολλὰ,
637 2845 691 2874 καὶ
711 2843 875 2878 συνθέτους
895 2843 927 2874 δὲ
945 2843 1044 2881 λέξεις
1062 2844 1191 2875 ἐποίουν
1209 2846 1263 2875 καὶ
1280 2845 1388 2886 ἔλεγον
1405 2844 1611 2887 ἐνδιαεριανε-

96 2892 283 2933 ρινηχέτους
301 2903 307 2908 ·
329 2890 393 2926 οἷος
415 2889 453 2929 ἦν
470 2891 536 2922 ’Ἰων
557 2891 573 2922 ὁ
595 2892 666 2926 Χῖος
682 2891 820 2930 ποιητής
838 2893 876 2929 (s.
899 2901 929 2925 v,
949 2891 1342 2934 ὃιθυραμόοδιδάσκαλοι).
