2125 3534
837 673 1328 725 CONCLUSIO

376 1155 421 1199 Si
441 1156 720 1200 voluerimus
741 1170 863 1199 nunc
890 1155 1085 1199 breviter
1103 1156 1365 1214 recolligere
1388 1153 1535 1213 qualis
1561 1152 1697 1197 fuerit
1725 1150 1848 1195 Ionis

319 1229 366 1270 in
388 1228 545 1271 litteris
571 1228 713 1271 virtus
743 1230 785 1270 et
811 1228 991 1285 propria
1014 1227 1204 1281 indoles,
1234 1226 1461 1270 videbitur
1487 1226 1564 1268 ille
1599 1223 1849 1283 praesertim

319 1300 502 1358 ingenio
524 1299 578 1342 ad
606 1299 758 1342 omnia
784 1299 949 1357 pariter
971 1299 1156 1342 flexibili
1183 1299 1320 1342 fuisse
1347 1297 1557 1356 insignis,
1589 1299 1632 1340 et
1658 1310 1709 1339 ea
1740 1309 1849 1353 ope-

319 1386 421 1414 rum
463 1370 718 1414 diversitate
758 1369 1008 1412 innotuisse
1050 1368 1178 1427 cujus
1223 1369 1481 1428 exemplum
1518 1366 1636 1426 apud
1679 1379 1850 1425 graecos

319 1442 558 1501 scriptores
587 1442 660 1500 qui
694 1444 824 1484 antea
845 1441 1108 1484 exstiterant.
1129 1441 1293 1484 frustra
1325 1439 1597 1498 quaesiveris.
1632 1438 1695 1481 Ea
1721 1440 1851 1481 aetate

319 1528 405 1572 qua
423 1517 593 1557 ceteros
614 1512 820 1556 videmus
839 1512 1127 1571 partitionem
1150 1511 1394 1570 quamdam
1416 1511 1669 1554 litterarum
1690 1508 1852 1551 fecisse

320 1589 363 1628 et
382 1585 499 1628 intra
518 1588 662 1628 certos
683 1584 818 1627 unius
849 1584 941 1627 fere
963 1584 1096 1627 studii
1124 1584 1236 1627 fines
1257 1582 1529 1627 industriam
1553 1595 1683 1625 5113111
1705 1579 1851 1624 conti-

321 1656 489 1710 nuisse,
520 1656 673 1699 omnia
694 1656 785 1699 fere
813 1655 890 1698 1110
912 1655 1139 1699 delibavit.

378 1729 438 1771 At
455 1728 674 1770 mirabilis
695 1727 773 1770 illa
800 1727 1053 1770 studiorum
1073 1727 1264 1770 varietas
1289 1740 1383 1770 non
1403 1724 1538 1768 modo
1567 1723 1621 1767 ad
1645 1722 1856 1782 judican-

322 1798 430 1842 dum
454 1799 576 1842 Ionis
597 1799 739 1857 ipsius
766 1798 1020 1857 ingenium,
1052 1798 1128 1841 sed
1162 1799 1295 1841 etiam
1328 1797 1383 1840 ad
1410 1796 1748 1856 cognoscendas
1781 1811 1855 1839 va-

322 1870 409 1913 rias
428 1869 686 1914 Graecorum
708 1869 882 1928 ingenii
897 1870 1019 1913 vices
1038 1869 1194 1928 magni
1216 1868 1436 1912 momenti
1452 1871 1533 1911 est.
1552 1867 1604 1910 111
1624 1868 1709 1911 hoc
1732 1867 1854 1910 enim

322 1957 411 1986 uno
448 1941 630 1984 homine
660 1956 788 1984 novae
824 1941 966 1985 aetatis
990 1940 1086 1999 jam
1122 1944 1219 1984 tum
1248 1940 1491 1984 exorientis
1526 1939 1676 1998 imago
1710 1938 1854 1982 oculis

321 2013 488 2057 nostris
509 2011 748 2070 subjicitur
771 2026 779 2055 :
805 2028 902 2071 quae
919 2012 1015 2070 jam
1037 2012 1218 2071 longius
1240 2012 1364 2055 abest
1385 2011 1438 2054 ab
1458 2025 1616 2054 eorum
1637 2010 1857 2069 gravitate

324 2085 399 2142 qui
419 2084 466 2127 in
492 2084 637 2143 priore
669 2084 815 2142 quinti
845 2084 998 2128 saeculi
1030 2087 1154 2142 parte
1180 2084 1404 2137 vixerant,
1428 2086 1471 2126 et
1499 2080 1672 2140 majore
1704 2080 1860 2124 indus-

323 2156 422 2209 tria,
442 2155 659 2199 vividiore
673 2155 939 2199 animorum
960 2155 1209 2198 mobilitate
1231 2153 1432 2213 praedita,
1452 2168 1611 2197 omnes
1632 2153 1856 2196 humanas

326 2226 588 2285 disciplinas
619 2226 750 2284 gestit
788 2226 956 2285 pariter
990 2240 1250 2285 percurrere
1287 2228 1330 2269 et
1362 2224 1576 2268 doctrinae
1604 2224 1858 2282 artiumque

325 2298 665 2344 universitatem
707 2297 1070 2357 comprehendit,
1113 2313 1205 2341 non
1245 2300 1458 2341 contenta
1501 2296 1549 2339 in
1583 2309 1859 2353 unoquoque

328 2384 491 2428 genere
512 2370 745 2413 excellere.
772 2370 885 2413 Cum
914 2373 980 2412 tot
998 2373 1041 2412 et
1070 2372 1162 2412 tam
1184 2369 1306 2412 varia
1333 2368 1456 2411 Ionis
1483 2367 1631 2411 studia
1662 2366 1856 2418 intueor,

327 2440 650 2499 persentiscere
683 2441 796 2483 mihi
826 2440 982 2484 videor
1014 2440 1319 2499 sophistarum
1352 2439 1615 2491 adventum,
1652 2437 1727 2496 qui
1753 2450 1861 2479 mox

326 2512 529 2555 Athenas
561 2512 791 2556 confluent
823 2515 864 2554 et
895 2526 1034 2554 novas
1069 2510 1373 2569 cognoscendi
1403 2513 1447 2553 et
1479 2507 1738 2568 disputandi
1764 2507 1861 2558 vias

330 2583 539 2626 munient
559 2596 567 2625 2
586 2598 641 2626 ne
662 2583 1062 2642 praestantissimus
1080 2582 1262 2640 quidem
1284 2585 1327 2625 et
1347 2580 1666 2624 dilectissimus
1688 2578 1861 2638 sophis-

328 2657 477 2697 tarum
502 2654 578 2698 ille
602 2654 865 2713 discipulus,
888 2653 1062 2705 Critias,
1086 2656 1152 2696 tot
1171 2668 1358 2712 operum
1379 2652 1594 2696 varietate
1615 2650 1734 2710 apud
1755 2665 1862 2694 suos

331 2725 524 2783 aequales
545 2725 708 2778 clarus,
737 2725 860 2768 Ionis
888 2724 1059 2783 ingenii
1087 2723 1394 2767 diversitatem
1415 2722 1683 2781 adaequavit.

392 2797 451 2839 At
479 2812 571 2840 non
604 2797 748 2840 multa
774 2796 922 2840 solum
952 2799 995 2839 et
1023 2795 1140 2838 inter
1168 2810 1214 2838 se
1242 2794 1547 2838 dissimillima
1574 2794 1656 2837 Ion
1683 2791 1862 2851 scriptis

336 2867 427 2911 suis
449 2867 710 2927 complexus
738 2871 816 2911 est.
839 2867 936 2911 Imo
957 2881 1079 2920 vero,
1104 2867 1150 2910 in
1178 2866 1369 2926 singulis
1387 2866 1599 2926 operibus
1627 2879 1720 2909 non
1740 2863 1861 2908 idem
