2125 3534
1101 242 1303 283 -2-

432 359 516 402 hoe
536 356 683 416 lapide
705 354 931 398 nonnulla
953 353 1123 397 discere
1145 352 1395 412 poterimus
1414 351 1469 395 ad
1491 355 1673 410 gentem
1694 351 1969 410 pertinentia

434 445 522 488 qua
548 428 630 471 1011
658 425 877 469 oriundus
901 429 995 467 erat
1017 439 1024 467 :
1050 439 1147 482 quae
1176 423 1340 466 referre
1363 438 1507 482 operae
1528 423 1725 481 pretium
1746 426 1827 466 est.
1855 424 1969 466 Her-

435 500 646 544 mesileos
681 512 864 550 nomen,
903 495 1022 554 quod
1055 495 1193 554 lapidi
1223 494 1501 553 insculptum
1536 497 1617 546 est,
1650 508 1743 536 non
1771 495 1971 553 primum

435 571 507 614 hic
553 569 682 613 nobis
725 568 936 611 occurrit..
983 567 1188 624 Namque
1235 565 1352 623 apud
1392 565 1548 607 Ionem
1589 564 1738 623 ipsum
1777 565 1972 624 legimus

438 641 725 700 Sophoclem,
754 653 858 682 cum
884 638 1098 681 adversus
1121 637 1307 679 Samum
1329 651 1434 679 cum
1462 635 1635 679 Pericle
1659 636 1832 694 collega
1848 636 1972 680 navi-

438 716 601 772 gasset,
628 711 791 754 Chium
813 709 1041 768 appulisse
1058 712 1101 751 et
1120 708 1363 751 devertisse
1386 707 1437 750 ad
1463 707 1796 750 Hermesileum
1819 722 1974 765 quem-

439 785 556 834 dam,
588 783 815 840 hospitem
846 776 999 832 suuni,
1035 779 1336 837 eumdemque
1370 778 1721 821 Atheniensium
1754 784 1920 836 πρόξενον
1940 785 1971 824 ¹.

439 855 520 897 1011
544 854 654 912 ipse,
691 857 740 895 ut.
768 853 1039 910 intelligitur
1073 851 1244 909 exejus
1282 850 1640 903 narratiuncula,
1678 851 1803 893 affuit
1835 865 1976 894 coenae

441 941 575 984 quam
612 924 919 967 Ilerinesileus
950 923 1163 981 Sophocli
1195 922 1419 981 apposuit..
1452 921 1785 964 Hermesileum
1824 925 1977 965 autem

440 998 587 1050 11111111,
613 995 743 1053 cujus
765 1010 933 1037 nomen
957 995 1002 1036 in
1025 994 1172 1052 lapide
1195 994 1374 1051 legitur,
1397 1008 1539 1035 unum
1563 1008 1616 1035 ex
1638 992 1760 1035 Ionis
1787 992 1977 1051 posteris

444 1068 579 1111 fuisse
609 1067 713 1109 inde
741 1070 943 1125 apparet,
975 1065 1093 1123 quod
1120 1065 1262 1107 Xuthi
1282 1064 1409 1122 filiu-5
1435 1064 1705 1122 appellatur.
1738 1064 1851 1108 Cum
1869 1078 1976 1107 vero

443 1139 560 1198 apud
582 1138 761 1181 Graecos
783 1138 986 1180 solemne
1014 1140 1131 1179 esset
1157 1135 1399 1194 nepotibus
1421 1150 1609 1178 avorum
1637 1149 1807 1178 nomen
1831 1134 1978 1193 impo-

441 1225 563 1262 nere,
602 1209 787 1268 propius
828 1208 962 1251 fidem
997 1212 1063 1250 cst
1101 1207 1434 1250 Hermesileum
1463 1207 1537 1264 qui
1572 1206 1619 1249 in
1652 1206 1980 1265 epigrammate

442 1283 738 1329 memoratur,
773 1280 827 1322 ab
868 1295 919 1322 eo
951 1294 1094 1337 genus
1130 1279 1320 1321 traxisse
1358 1292 1493 1336 quem
1532 1277 1612 1320 1011
1646 1278 1708 1320 ait
1743 1275 1981 1336 Sophoclis

445 1352 670 1410 hospitem
694 1351 849 1394 fuisse.
875 1351 991 1393 Fieri
1017 1350 1156 1408 igitur
1178 1350 1322 1408 potuit
1349 1353 1399 1392 ut
1419 1349 1538 1392 inter
1561 1348 1798 1407 Sophoclis
1830 1347 1984 1407 hospi-

445 1427 537 1466 tem
580 1426 621 1465 et
659 1422 817 1464 10110111
856 1421 1267 1480 consanguinitatis
1300 1421 1483 1464 vincula
1517 1420 1808 1471 exsisterent;
1837 1432 1986 1476 neque

445 1495 597 1552 inepta
642 1493 841 1552 proferre
883 1493 1155 1536 crediderim
1197 1491 1484 1550 conjiciendo
1525 1490 1822 1550 grandaevum
1863 1489 1987 1533 Ionis

447 1570 637 1625 patrem,
676 1565 1020 1616 Orthomenem,
1059 1579 1163 1608 011111
1197 1563 1289 1606 filio
1330 1563 1475 1622 epulis
1503 1562 1781 1605 interfuisse.
1817 1561 1885 1604 Ex
1916 1561 1989 1604 his

448 1636 662 1680 omnibus
690 1636 903 1695 colligere
927 1636 1033 1679 licet
1050 1650 1142 1678 non
1164 1635 1354 1693 ignobili
1377 1635 1476 1678 1000
1498 1634 1658 1677 10110111
1689 1636 1840 1676 ortum
1873 1647 1985 1686 esse,

449 1707 525 1751 sed
550 1711 731 1765 gentem
755 1706 852 1765 ejus
874 1708 994 1750 inter
1014 1707 1176 1750 insulae
1204 1706 1480 1749 clarissimas
1502 1708 1852 1748 annumeratam
1874 1718 1986 1748 esse.

451 1780 752 1825 Orthomenes
775 1779 868 1838 ipse
887 1778 1067 1822 videtur
1084 1778 1259 1837 amplas
1281 1792 1388 1836 opes
1403 1776 1671 1836 possedisse,
1698 1776 1990 1835 Compertum

450 1851 572 1895 enim
594 1851 815 1893 habemus
846 1849 943 1908 ejus
974 1850 1136 1902 filium,
1166 1853 1269 1908 post
1300 1848 1537 1893 victoriam
1564 1847 1758 1891 Athenis
1780 1847 1828 1890 in
1855 1861 1992 1891 scena

450 1925 740 1981 reportatam,
762 1922 817 1964 iis
840 1921 1159 1980 largitionibus
1181 1920 1265 1964 sibi
1284 1920 1506 1979 populum
1528 1919 1801 1973 devinxisse,
1828 1918 1992 1978 quibus

452 1993 663 2051 nonnisi
691 1993 900 2052 ingentes
931 1993 1125 2036 fortunae
1153 1992 1387 2051 potuerint
1415 1991 1622 2035 sufficere
1644 1992 1673 2034 2.
1708 1990 1827 2044 Quid
1853 1992 1993 2034 vero?

454 2080 559 2109 cum
590 2064 798 2107 videmus
826 2064 984 2107 Ionem
1017 2064 1212 2107 Athenis
1245 2063 1537 2121 optimatium
1564 2062 1771 2116 ducibus,
1803 2062 1994 2106 Cimone

455 2140 499 2180 et
519 2136 679 2180 ceteris
706 2135 993 2179 familiariter
1015 2135 1098 2188 uti,
1128 2135 1230 2187 hoe,
1259 2135 1306 2177 ni
1328 2134 1476 2187 fallor,
1501 2134 1723 2178 indicium
1745 2136 1811 2177 est
1833 2133 1995 2177 Ortho-

455 2222 637 2251 menem
660 2206 815 2250 cadem
839 2206 937 2250 Chii
968 2206 1237 2249 auctoritate
1272 2205 1470 2264 viguisse
1505 2220 1593 2264 qua
1620 2204 1782 2248 Cimon
1802 2204 1997 2247 Athenis

458 2283 501 2322 et
527 2293 671 2322 unum
695 2293 748 2321 ex
775 2277 1057 2336 principibus
1079 2277 1218 2320 fuisse
1237 2276 1313 2334 qui
1336 2276 1488 2329 Strati,
1507 2275 1824 2335 acceptissimo
1847 2275 1998 2318 Persis

462 2354 667 2410 tyranno,
694 2353 800 2392 sunt
820 2349 1044 2392 adversati
1066 2350 1079 2375 3
1107 2352 1150 2392 et
1170 2352 1272 2407 post
1294 2348 1601 2407 Mycalensem
1622 2361 1839 2407 pugnam,
1870 2361 1996 2390 sum-

459 2435 582 2463 mam
602 2420 650 2462 in.
672 2419 820 2463 insula
847 2422 1117 2478 potestatem
1143 2419 1308 2478 adepti,
1333 2433 1438 2462 cum
1463 2417 1823 2462 Atheniensibus
1850 2417 1997 2462 foedus

463 2491 679 2536 Chiorum
706 2490 893 2534 nomine
914 2491 1122 2535 fecerunt
1137 2491 1176 2533 4.

504 2678 530 2707 1.
554 2676 587 2707 C.
607 2674 765 2713 Mueller,
787 2676 926 2716 Fraym.
954 2675 1077 2706 histor.
1110 2674 1269 2713 Graecor.,
1298 2683 1331 2716 p.
1352 2674 1391 2705 46
1415 2682 1422 2704 :
1442 2672 1636 2715 Ἐρμεσίλεω
1656 2672 1689 2704 δὲ
1713 2673 1804 2712 ξένου
1834 2673 1864 2705 οἱ
1890 2673 2000 2709 ἐόντος

462 2725 517 2755 καὶ
532 2722 686 2764 προξένου
704 2722 888 2760 Ἀθηναίων,
910 2723 1080 2756 ἐστιῶντος
1098 2721 1210 2753 αὐτόν.

503 2772 532 2802 2.
553 2770 754 2809 Athenaeus,
774 2770 798 2807 1,
818 2772 834 2801 3
858 2770 903 2808 f.;
924 2770 967 2802 cf.
993 2769 1172 2811 Aristoph.
1196 2768 1306 2801 schol.
1332 2768 1377 2800 ad
1399 2769 1521 2800 Pacem
1546 2768 1616 2800 835.

505 2821 533 2849 3.
560 2818 769 2857 Herodotus,
790 2818 846 2856 IX,
869 2819 938 2849 132.

505 2867 534 2897 4.
560 2865 769 2905 Herodotus,
791 2866 846 2904 IX,
872 2866 939 2896 105.
