2125 3534
1033 280 1265 323 -86-

391 388 578 432 0111111110
612 388 731 431 1(10111
764 392 869 431 sunt
892 395 1013 443 νόησις
1041 393 1174 449 atque
1208 396 1356 439 σύνεσις,
1396 389 1737 448 significationis
1763 394 1917 436 tamen

390 459 595 518 quaedam
615 459 685 503 his
700 459 884 503 vocibus
903 461 1149 505 similitudo
1171 462 1302 515 inest,
1323 462 1384 504 ita
1397 464 1448 504 ut
1468 460 1626 504 deduci
1645 462 1785 520 possit
1805 464 1913 517 aeri,

388 530 460 573 cui
493 537 613 583 νόησιν
649 530 873 589 Diogenes
913 532 1184 590 assignabat,
1225 539 1358 575 σύνεσιν
1394 535 1600 575 nostrum
1640 533 1911 577 attribuisse.

385 627 442 634 —-
462 601 590 655 Quod
611 616 716 645 vero
738 601 792 645 ad
808 609 938 660 κράτος
960 604 1165 661 pertinet,
1187 604 1319 662 quale
1341 603 1422 646 Ion
1451 603 1536 646 hoc
1565 617 1660 646 esse
1682 607 1912 658 statueret,

384 675 537 715 utrum
567 672 619 715 de
643 673 775 716 certis
803 673 976 732 legibus
1004 678 1047 717 et
1080 675 1232 718 nescio
1262 689 1349 732 qua
1376 674 1622 727 voluntate,
1649 674 1810 732 quibus
1830 690 1914 719 na-

383 746 483 787 tura
502 747 691 802 pareret,
714 748 936 802 ageretur,
963 760 1022 788 an
1050 745 1102 789 de
1135 746 1270 789 insita
1296 745 1382 804 ipsi
1408 745 1607 788 materiae
1630 745 1673 787 vi
1702 746 1912 803 quadam,

385 820 515 856 συνέσει
537 815 762 858 contraria
792 819 834 858 et
855 816 1055 869 adversa,
1086 832 1311 875 nusquam
1335 816 1535 860 invenio.
1568 843 1624 848 —
1644 817 1709 860 De
1730 817 1914 861 fortuna

383 885 458 928 vix
478 886 611 944 paulo
634 887 763 944 plura
789 887 918 930 nobis
937 888 1099 931 tradita
1121 892 1240 931 sunt.
1275 888 1389 931 Cum
1414 891 1568 930 tamen
1599 887 1912 946 Empedocles,

384 955 514 1014 cujus
537 957 738 1015 vestigiis
760 957 915 1001 Ionem
944 973 1057 1017 saepe
1079 959 1293 1002 institisse
1315 958 1529 1011 vidimus,
1553 964 1664 1017 τύχην
1687 958 1742 1001 ad
1762 973 1916 1002 crean-

384 1026 461 1070 das
489 1042 573 1080 res,
598 1028 757 1072 mundi
780 1029 924 1081 initio,
949 1044 1041 1072 non
1060 1030 1176 1073 nihil
1200 1030 1396 1073 valuisse
1420 1028 1647 1072 interdum
1670 1029 1915 1073 contende-

382 1101 449 1141 ret
469 1099 496 1151 ¹,
527 1098 622 1141 fieri
642 1099 788 1157 potuit
813 1103 863 1142 ut
883 1115 982 1143 eam
1006 1101 1163 1144 eodem
1193 1101 1327 1144 modo
1348 1101 1429 1144 Ion
1456 1101 1503 1143 in
1531 1101 1703 1143 ratione
1732 1116 1814 1144 sua
1840 1100 1914 1144 ad-

381 1169 572 1222 hiberet,
601 1185 746 1228 neque
769 1171 964 1214 multum
992 1187 1017 1215 a
1044 1187 1150 1216 vero
1181 1173 1371 1225 aberret,
1396 1187 1497 1215 mea
1524 1171 1707 1230 quidem
1735 1175 1913 1215 senten-

380 1240 456 1292 tia,
482 1240 518 1283 si
540 1241 639 1299 quis
667 1241 719 1284 de
742 1241 849 1285 Ione
884 1243 1168 1301 aliquatenus
1197 1243 1317 1287 dicta
1347 1258 1442 1286 esse
1471 1243 1708 1301 intelligat,
1739 1258 1836 1301 quae
1867 1243 1913 1286 in

380 1311 568 1369 Lessz'bus
594 1312 720 1355 Plato
759 1315 1028 1357 memoravit
1049 1316 1077 1368 Ξ,
1115 1315 1364 1358 nonnullos
1410 1315 1583 1357 scilicet
1617 1314 1913 1373 philosophos

381 1382 585 1425 docuisse
608 1384 813 1427 omnium
836 1400 931 1442 quae
955 1386 1057 1439 sint,
1089 1390 1164 1429 aut
1185 1386 1372 1438 suerint,
1398 1390 1473 1429 aut
1494 1385 1646 1429 futura
1673 1385 1777 1438 sint,
1802 1386 1915 1429 alio-

382 1468 483 1497 rum
503 1469 685 1497 causam
699 1458 908 1499 naturam
927 1471 1038 1508 esse,
1057 1457 1251 1500 aliorum
1270 1461 1428 1510 artem,
1453 1457 1647 1500 aliorum
1664 1457 1910 1499 fortunam.

439 1525 497 1567 At
524 1540 616 1568 non
645 1530 818 1569 veteres
846 1531 1022 1570 tantum
1044 1528 1203 1581 Ionici,
1235 1543 1328 1571 11011
1362 1532 1541 1571 tantum
1563 1527 1844 1587 Pythagoras
1871 1531 1915 1571 et

379 1595 673 1653 Anaxagoras
701 1597 799 1640 Ioni
818 1598 1176 1657 suppeditavere,
1198 1603 1249 1642 ut
1268 1599 1362 1642 veri
1386 1599 1535 1641 simile
1562 1602 1643 1651 est,
1674 1598 1792 1642 unde
1820 1598 1912 1641 dis-

379 1667 595 1725 ciplinam
629 1683 756 1711 suam
790 1671 1018 1713 conflaret.
1046 1670 1163 1723 Quid
1198 1670 1249 1713 de
1282 1670 1539 1714 Democrito
1575 1669 1738 1722 dicam,
1779 1668 1910 1727 cujus

377 1737 541 1796 placita
566 1742 662 1781 tum
684 1739 731 1781 in
751 1739 920 1783 Graecia
940 1741 1117 1798 vulgari
1140 1745 1285 1800 coepta
1303 1756 1399 1784 esse
1422 1740 1541 1784 haud
1563 1740 1792 1783 immerito
1815 1755 1912 1783 sus-

376 1809 537 1867 piceris
554 1824 562 1862 ;
581 1810 687 1867 quid
705 1810 757 1853 de
770 1811 1010 1865 Archelao,
1023 1813 1306 1871 Anaxagorae
1324 1812 1562 1871 discipulo,
1580 1826 1713 1869 quem
1730 1811 1910 1854 novisse

374 1879 554 1923 videtur
586 1880 726 1935 Ion-³3
764 1882 869 1940 quid
905 1883 958 1926 (10
994 1884 1176 1927 Socrate
1211 1884 1324 1943 ipso,
1358 1882 1541 1941 juniore
1572 1886 1670 1925 tum
1703 1882 1904 1940 quidem,

374 1966 507 2009 quem
534 1955 684 1995 tamen
706 1953 753 1995 in
782 1960 1010 2009 Ἐπιδημίαις
1039 1959 1194 1998 noster
1214 1958 1437 1998 memorat
1458 1969 1563 1997 cum
1584 1953 1811 1997 Archelao
1836 1953 1912 1997 Sa-

374 2037 501 2066 mum
517 2023 714 2067 insulam
736 2025 945 2069 invisisse
966 2028 1002 2079 4;
1023 2026 1129 2084 quid
1150 2026 1334 2069 tandem
1362 2025 1414 2068 de
1443 2025 1623 2084 Gorgia,
1642 2024 1697 2067 de
1718 2028 1785 2068 tot
1810 2025 1910 2083 phi—

375 2093 723 2154 losophantibus
750 2097 859 2141 viris
881 2098 957 2157 qui
990 2101 1088 2141 tum
1111 2098 1314 2142 Athenas
1342 2112 1395 2142 ex
1426 2096 1640 2141 omnibus
1670 2111 1764 2139 non
1791 2095 1913 2140 Grae-

374 2237 429 2267 καί
446 2236 499 2268 ἐπὶ
519 2239 581 2268 πᾶν
604 2237 737 2280 ἀφῖχθαι
758 2241 812 2271 καὶ
831 2241 937 2271 πάντα
958 2240 1129 2271 διατιθέναι
1151 2241 1206 2272 καὶ
1227 2240 1256 2271 ἐν
1278 2241 1376 2271 παντὶ
1397 2239 1565 2271 ἐνεῖναι-
1582 2239 1629 2272 Cf.
1647 2239 1910 2277 Anaximenem‚

372 2294 427 2325 ap.
451 2285 639 2324 Stobaeum,
660 2287 776 2328 Eeloq.
794 2288 909 2329 phys„
932 2300 964 2330 p.
987 2290 1046 2320 296
1068 2299 1074 2320 τ
1093 2287 1158 2320 οἷον
1180 2289 1200 2327 ἡ
1222 2289 1312 2330 ψυχὴ
1333 2288 1353 2327 ἡ
1372 2288 1514 2329 ἡμετέρα
1545 2287 1604 2329 ἀὴρ
1635 2286 1716 2319 οὖσα
1737 2287 1912 2330 συγκρατεῖ

371 2331 465 2372 ἡμᾶς.
488 2334 542 2363 καὶ
561 2333 637 2364 ὅλον
659 2336 713 2365 τὸν
735 2335 858 2376 κόσμον
878 2338 1005 2377 πνεῦμα
1025 2338 1079 2367 καὶ
1100 2336 1159 2378 ἀὴρ
1179 2336 1336 2378 περιέχει.

414 2381 441 2410 1.
463 2380 679 2419 Aristoteles,
702 2383 851 2423 Physic„
873 2385 913 2422 II,
935 2387 965 2423 4,
987 2385 1015 2415 6.
1038 2402 1077 2408 —-
1101 2384 1148 2416 Cf.
1171 2385 1212 2416 cle
1232 2384 1389 2416 Generat.
1411 2386 1444 2415 et
1465 2383 1636 2425 Corrupt„
1660 2383 1702 2423 II,
1724 2384 1753 2415 6.

412 2428 441 2458 2.
465 2427 573 2466 Plato,
599 2429 710 2469 Leqes,
738 2431 776 2469 X,
799 2432 868 2469 888,
890 2441 917 2463 e.

412 2476 441 2506 3.
457 2475 495 2506 In
520 2476 673 2508 Cimonis
696 2478 800 2510 domo
819 2479 1020 2519 (Plutarch,
1044 2479 1172 2517 Cimon,
1197 2479 1265 2520 IV).

409 2521 439 2553 4ss
465 2523 635 2564 Diogenes
656 2526 826 2564 Laertius,
849 2527 889 2564 II,
908 2528 925 2557 ’ἵ
947 2537 952 2558 ;
969 2526 1034 2557 Ἴων
1055 2526 1086 2557 δὲ
1107 2526 1122 2557 ὁ
1144 2528 1216 2561 Χῖος
1237 2527 1292 2556 καὶ
1311 2525 1381 2556 νέον
1403 2525 1481 2557 ὄντα
1499 2525 1567 2566 (τὸν
1585 2525 1773 2567 Σωκράτην)
1789 2524 1831 2560 εἰς
1846 2525 1908 2556 Σά-

371 2579 431 2609 μον
452 2571 505 2599 σὺν
525 2569 689 2614 Ἀρχελάῳ
716 2573 928 2614 ἀποδημῆσαί
953 2585 1059 2615 φησιν.
1081 2575 1209 2606 Contra
1236 2575 1328 2606 lonis
1362 2575 1603 2606 testimonium
1634 2575 1776 2606 disserit
1801 2574 1911 2606 Zeller

369 2623 608 2665 (Plzz'losophie
628 2623 686 2653 des
707 2621 818 2658 Grecs,
841 2622 896 2660 ΙΙΙ,
919 2632 953 2663 p.
975 2623 1024 2660 56,
1046 2632 1079 2653 11.
1096 2623 1125 2660 2,
1148 2622 1184 2653 in
1201 2623 1325 2664 gallica
1346 2622 1601 2663 translatione),
1621 2622 1776 2654 Platonis
1797 2621 1909 2653 Crito—

370 2679 457 2702 nem.
483 2672 519 2701 52
538 2671 575 2708 B,
598 2668 831 2712 praetendens,
856 2668 915 2700 ubi
934 2669 1061 2710 legitur
1081 2669 1259 2701 Socratem
1277 2669 1422 2700 Athenis
1446 2678 1628 2709 nunquam
1651 2669 1817 2700 abfuisse.
1841 2669 1908 2700 Pu-

371 2719 423 2749 tat
447 2718 659 2759 Nieberding
692 2717 870 2748 Platonem
900 2730 915 2745 «
946 2718 1024 2757 jure
1052 2717 1373 2759 peregrinationem
1402 2717 1497 2748 illam
1530 2717 1706 2758 negligere
1739 2716 1908 2758 potuisse,

374 2766 571 2806 praesertim
588 2774 667 2796 cun]
686 2774 756 2795 non
773 2764 956 2795 historiam
978 2764 1158 2803 scriberet,
1181 2765 1240 2796 sed
1264 2765 1442 2806 dialogum
1463 2764 1748 2806 philosophicum
1765 2773 1908 2806 compo-

373 2814 473 2845 neret
493 2827 520 2852 »,
545 2815 578 2845 et
596 2814 633 2845 in
654 2812 806 2845 Platonis
832 2812 909 2844 loco
930 2822 1001 2845 non
1020 2814 1091 2844 tam
1119 2822 1240 2845 eorum
1263 2822 1341 2854 quae
1368 2813 1663 2851 adolescentulus,
1691 2822 1798 2854 quam
1830 2821 1908 2853 quae

374 2862 475 2892 aetate
504 2861 623 2893 adulta
654 2861 783 2902 egisset
805 2860 975 2900 Socrates,
1007 2861 1181 2892 rationem
1204 2860 1402 2892 habendam
1431 2870 1516 2892 esse.
1537 2860 1791 2892 Difficillimum
1819 2859 1907 2891 mihi

377 2907 517 2940 videtur
535 2918 610 2941 esse
629 2909 722 2941 Ionis
743 2908 984 2945 testimonium
1007 2909 1203 2951 repudiare,
1226 2917 1295 2949 quo
1314 2908 1400 2940 nihil
1422 2908 1622 2951 explicitius
1643 2918 1719 2940 esse
1738 2908 1863 2950 potest.

2115 3202 2125 3534 ——n—-QnA-ss
2119 3123 2125 3151 ,μ
2123 3079 2125 3085 .
2122 2988 2125 3033 1..1
2123 2971 2125 2975 i
2123 2944 2125 2956 ,1
2123 2880 2125 2901 .-
