2125 3534
1103 327 1332 370 -30-

513 436 603 481 Nec
626 437 792 491 minus,
817 438 992 497 opinor,
1017 439 1115 483 Ioni
1137 444 1321 499 accepta
1352 455 1447 484 esse
1476 442 1683 498 poterant
1704 454 1801 497 quae
1825 438 1987 483 Cimon

458 507 510 550 de
557 508 757 551 barbaris
797 509 1074 554 debellandis
1128 511 1412 570 praedicabat.
1458 511 1571 554 Cum
1622 510 1818 553 Pericles
1870 513 1986 552 totas

456 578 740 623 Athenarum
764 580 1077 640 sociorumque
1098 583 1216 626 vires
1238 582 1452 626 adversus
1474 582 1675 625 vicinam
1696 580 1984 624 Lacedaemo-

456 649 637 692 niorum
659 654 942 708 potestatem,
966 653 1085 696 unde
1108 669 1315 696 summus
1336 654 1405 697 vir
1423 653 1675 695 maximum
1705 652 1860 711 patriae
1895 666 1985 694 suae

454 722 709 779 periculum
744 722 982 766 imminere
1012 724 1308 782 intelligebat,
1339 722 1633 767 reservandas
1667 737 1763 766 6556
1797 722 1986 765 arbitra-

454 796 592 846 retur,
624 793 801 836 Cimoni
835 797 985 837 autem
1020 795 1134 837 nihil
1166 796 1323 838 utilius
1357 810 1453 838 esse
1492 793 1721 837 videretur
1750 808 1885 851 quam
1908 808 1986 852 pa-

453 878 552 906 cem
574 879 676 907 cum
705 864 936 922 Spartanis
958 881 1088 924 agere
1111 870 1159 909 ut
1181 867 1350 909 civitati
1369 867 1524 909 liceret
1545 866 1592 908 in
1614 865 1733 908 Asiae
1756 863 1984 907 littoribus

451 934 682 994 AEgaeique
704 936 840 978 maris
870 936 1031 979 insulis
1060 937 1253 995 reliquas
1282 937 1524 980 Persarum
1554 951 1661 995 opes
1683 936 1903 979 lacessere
1939 937 1983 977 et

452 1009 660 1058 atterere,
696 1006 841 1049 utrius
881 1007 1063 1050 tandem
1103 1007 1331 1050 fortunam
1366 1011 1496 1066 putas
1528 1010 1682 1050 nostro
1711 1005 1988 1064 sequendam

452 1077 605 1131 fuisse,
643 1092 746 1120 eum
791 1078 885 1136 ipse
924 1078 1072 1121 ionica
1105 1082 1237 1136 gente
1278 1082 1394 1121 esset
1432 1081 1578 1131 ortus,
1612 1076 1903 1134 barbarisque
1934 1090 1985 1119 eo

451 1149 719 1193 infensiores
741 1153 916 1208 gereret
942 1150 1133 1203 animos,
1159 1166 1245 1208 quo
1269 1150 1499 1192 servitutis
1526 1149 1645 1192 Asiae
1668 1148 1854 1191 Minoris
1876 1147 1987 1191 civi-

452 1221 618 1263 tatibus
634 1236 658 1263 a
674 1221 792 1279 Rege
813 1221 1035 1279 imposita!
1051 1221 1356 1264 calamitatem
1373 1225 1414 1264 et
1434 1220 1627 1263 dedecus
1649 1219 1833 1278 propius
1854 1217 1989 1261 vidis-

453 1293 550 1334 set?
570 1290 679 1348 Ejus
698 1291 916 1334 nimirum
938 1291 1335 1349 partes-amplexus
1358 1295 1438 1343 est,
1461 1306 1595 1348 quem
1613 1290 1807 1343 videbat,
1833 1289 1987 1348 patriae

451 1362 630 1405 virtutis
664 1363 799 1405 simul
831 1366 873 1405 et
905 1362 1132 1405 felicitatis
1163 1362 1393 1415 heredem,
1418 1362 1501 1405 sibi
1533 1378 1700 1405 munus
1735 1361 1986 1419 suscepisse

452 1433 584 1476 Ionas
612 1434 658 1475 in
685 1434 941 1476 libertatem
963 1433 1225 1477 vindicandi
1255 1437 1298 1477 et
1331 1434 1567 1477 diuturnas
1599 1434 1840 1476 Persarum
1868 1431 1986 1490 inju-

451 1504 539 1547 rias
572 1505 835 1548 ulciscendi.

507 1577 607 1619 Jam
630 1592 682 1619 ex
716 1576 784 1627 iis,
811 1591 907 1634 quae
945 1575 997 1618 de
1026 1576 1211 1634 privatis
1254 1576 1491 1634 utriusque
1529 1575 1732 1618 moribus
1774 1574 1987 1618 narrabat

450 1645 546 1699 Ion,
590 1647 781 1706 perspici
829 1651 975 1706 potest
1024 1663 1111 1705 quo
1153 1647 1388 1691 Cimonem
1434 1647 1582 1690 studio
1619 1649 1982 1705 prosequeretur,

449 1732 585 1776 quam
606 1722 759 1762 contra
789 1719 964 1762 alienus
993 1718 1154 1762 Pericli
1184 1723 1312 1762 esset.
1356 1738 1375 1758 κ
1414 1719 1495 1762 Ion
1529 1722 1675 1777 poeta,
1704 1717 1851 1775 inquit
1882 1717 1986 1760 Plu-

449 1790 647 1842 tarchus,
670 1790 892 1833 Periclem
923 1790 1197 1833 insolentem
1234 1791 1295 1833 ait
1330 1791 1467 1833 fuisse
1496 1791 1541 1833 in
1569 1788 1915 1841 consuetudine,
1941 1790 1986 1830 et

448 1860 780 1906 fastuosiorem.
801 1860 897 1919 ejus
913 1861 1342 1919 autemjactantiam
1358 1876 1523 1919 magno
1541 1862 1734 1906 aliorum
1753 1866 1986 1920 contemp-

448 1935 496 1974 tu
527 1948 577 1976 ac
607 1933 817 1991 superbia
840 1948 935 1975 esse
963 1933 1248 1991 permixtam.
1271 1933 1446 1976 Laudat
1468 1937 1623 1977 contra
1647 1934 1848 1977 Cimonis
1871 1948 1980 1976 con-

448 2003 729 2057 cinnitatem,
772 2004 1051 2057 facilitatem,
1087 2008 1130 2047 et
1163 2004 1209 2046 in
1246 2005 1458 2048 convictu
1492 2005 1756 2048 comitatem
1780 2006 1806 2046 ¹.
1842 2023 1861 2043 »
1894 2004 1983 2047 Ne-

448 2090 533 2132 que
549 2076 661 2117 mihi
680 2076 875 2118 multum
896 2075 1101 2118 videatur
1116 2090 1279 2128 errare,
1293 2076 1330 2118 si
1347 2076 1446 2134 quis
1460 2076 1669 2135 opinetur
1684 2075 1981 2119 Plutarchum

447 2146 495 2189 in
528 2146 696 2200 libello,
733 2162 867 2204 quem
907 2146 960 2189 de
996 2147 1181 2190 Cimone
1219 2147 1413 2205 scripsit,
1450 2147 1779 2191 Atheniensem
1819 2146 1982 2190 ducem

448 2218 754 2276 singularibus
788 2218 994 2261 laudibus
1024 2218 1124 2261 ideo
1159 2218 1387 2271 extulisse,
1424 2218 1543 2276 quod
1570 2219 1617 2261 in
1650 2217 1887 2262 scribendo
1909 2217 1982 2261 Io-

445 2303 551 2331 nem
574 2304 689 2348 sa2pe
711 2293 891 2332 secutus
910 2289 980 2331 sit.
1003 2289 1143 2332 Multa
1163 2293 1269 2333 sunt
1288 2290 1506 2348 profecto,
1530 2290 1578 2332 in
1597 2290 1682 2333 hoc
1710 2305 1859 2348 opere,
1885 2304 1982 2348 quae

446 2374 499 2402 ex
533 2360 653 2403 lonis
684 2359 912 2403 historicis
934 2359 1059 2402 libris
1080 2360 1282 2418 profecta
1310 2364 1430 2414 sunt,
1458 2375 1571 2418 quos
1593 2360 1891 2403 Plutarchum
1913 2374 1985 2403 ac-

445 2431 729 2474 curatissime
759 2431 920 2488 legisse
958 2430 1062 2473 inde
1098 2431 1394 2474 manifestum
1427 2435 1508 2483 est,
1538 2430 1657 2489 quod
1690 2430 1811 2474 haud
1844 2430 1986 2474 semel

444 2502 498 2545 ab
526 2517 577 2545 eo
604 2502 815 2545 laudatur
847 2501 928 2544 Ion
950 2502 979 2544 ².
1004 2501 1158 2560 Neque
1191 2502 1275 2546 hoc
1309 2517 1416 2545 sane
1452 2502 1635 2545 mirum.
1661 2502 1830 2545 Earum
1861 2502 1983 2545 enim

444 2573 711 2617 fabellarum
734 2573 937 2617 curiosus
959 2588 1057 2631 quae
1079 2573 1134 2616 ad
1149 2574 1373 2632 privatam
1397 2588 1669 2632 magnorum
1688 2573 1893 2617 virorum
1913 2573 1981 2617 vi-

444 2648 535 2687 tam
554 2645 797 2704 pertinent,
821 2645 895 2703 qui
921 2645 1192 2689 Plutarchus
1215 2647 1357 2689 nostri
1382 2645 1733 2690 commentarios
1755 2645 1983 2704 neglexis-

443 2720 523 2770 set,
573 2717 735 2775 quibus
769 2716 1094 2761 luculentiores
1130 2717 1206 2761 vix
1248 2721 1458 2777 poterant
1496 2717 1577 2761 ulli
1619 2716 1832 2769 inveniri,
1875 2731 1980 2760 cum

483 2894 509 2925 1.
534 2894 721 2933 Plutarch„
741 2893 889 2925 Pericles
915 2894 948 2925 V.

482 2942 510 2972 2.
535 2941 722 2979 Plutarch,
746 2942 875 2979 Cimon,
899 2942 943 2980 V3
967 2941 1027 2980 1x3
1050 2940 1135 2973 XVI.
