2125 3534
714 655 905 701 CAPUT
937 655 1163 701 PRIMUM

512 918 534 972 ξ
557 919 595 958 1.
617 942 673 947 -
693 917 755 958 De
776 914 897 958 Ionis
915 930 1071 974 qenere
1091 924 1224 974 atque
1245 925 1357 959 ortu.

226 1228 280 1272 In
306 1228 456 1272 insula
479 1228 590 1273 Chio
624 1228 706 1273 Ion
732 1233 867 1272 natus
889 1233 970 1282 cst,
997 1233 1054 1282 et,
1079 1233 1128 1272 ut
1157 1229 1406 1273 verisimile
1435 1234 1516 1283 cst,
1541 1231 1704 1274 Chium

168 1300 315 1359 ipsam
328 1300 486 1343 urbem
503 1300 696 1359 patriam
713 1300 871 1344 habuit
894 1301 921 1343 ¹.
941 1300 1041 1353 Quo
1054 1316 1160 1343 vero
1176 1315 1295 1343 anno
1308 1305 1439 1344 natus
1456 1302 1526 1354 sit,
1546 1318 1704 1361 parum

170 1374 361 1414 constat.
386 1371 524 1414 Nobis
545 1375 698 1415 tamen
714 1371 891 1415 videtur
909 1387 931 1414 e
951 1371 1146 1430 quodam
1169 1372 1401 1415 Plutarchi
1418 1373 1516 1416 loco
1539 1372 1705 1431 conjici

169 1457 299 1502 posse
330 1457 434 1485 cum
469 1443 588 1485 intra
620 1458 765 1486 annos
799 1444 986 1487 490-484
1021 1446 1171 1486 ortum
1212 1446 1358 1485 (1ssc2'.
1386 1443 1506 1486 Patri
1536 1459 1705 1487 nomen

169 1517 265 1558 erat
292 1513 593 1558 Orthomenes
615 1515 642 1557 ³.
677 1514 764 1557 Sed
794 1514 1112 1565 Athenienses,
1145 1514 1288 1557 faceta
1320 1530 1445 1573 gens,
1479 1515 1593 1567 Ioni,
1627 1515 1704 1558 uhi

167 1585 366 1644 primum
388 1585 506 1644 apud
529 1600 604 1629 eos
623 1586 760 1644 coepit
780 1589 1029 1639 notescere,
1066 1586 1282 1629 libentius
1315 1586 1516 1644 lepidum
1539 1602 1704 1644 cogno-

165 1671 273 1699 men
294 1657 600 1715 Xutlzifilimn
623 1657 898 1710 indiderunt,
925 1657 1023 1700 Chii
1057 1661 1198 1715 poetae
1228 1672 1397 1700 nomen
1419 1658 1704 1701 conferentes

165 1742 271 1770 cum
292 1727 477 1770 nomine
500 1728 783 1771 dilectissimi
807 1728 973 1781 herois,
994 1728 1117 1771 illius
1139 1728 1312 1771 scilicet
1332 1728 1468 1781 Ionis,
1492 1728 1703 1787 Apolline

164 1798 266 1851 orti,
302 1802 346 1841 et
384 1813 409 1841 a
435 1798 604 1851 Xutho,
638 1802 689 1842 ut
717 1799 953 1858 Euripides
985 1799 1030 1842 in
1064 1815 1144 1842 sua
1174 1799 1326 1842 fabula
1356 1801 1593 1850 memorat,
1625 1812 1702 1856 pro

163 1869 256 1912 filio
277 1869 477 1928 adoptati
498 1870 527 1912 4.
554 1870 763 1913 Ceterum
792 1885 1047 1928 cognomen
1081 1870 1195 1913 illud
1224 1871 1271 1912 in
1299 1873 1432 1928 gente
1454 1868 1704 1927 permansit

164 1943 208 1983 et
242 1955 267 1983 a
302 1940 538 1984 nonnullis
571 1941 693 1984 Ionis
726 1941 917 2000 posteris
951 1956 1031 2000 pro
1068 1942 1165 2000 ipso
1197 1941 1384 1984 nomine
1418 1943 1701 1997 assumptum

163 2014 244 2064 est,
279 2014 331 2054 ut
357 2026 411 2055 ex
439 2011 588 2070 lapide
623 2012 722 2055 Chii
750 2015 927 2071 reperto
959 2016 1160 2071 apparet,
1202 2012 1249 2055 in
1283 2027 1370 2070 quo
1404 2011 1699 2070 epigramma,

162 2082 363 2126 secundo
385 2083 551 2126 saeoulo
573 2087 677 2126 ante
700 2083 802 2127 Chr.
834 2087 926 2126 nat.
950 2083 1163 2136 incisum,
1193 2082 1526 2126 Hermesileum
1549 2095 1702 2139 quem-

164 2153 268 2198 dam
301 2158 540 2208 memorat,
578 2154 719 2199 Xuthi
748 2154 893 2199 filium
913 2155 943 2198 5.
981 2154 1025 2198 Si
1056 2154 1244 2214 paulum
1275 2152 1617 2204 attenderimus,
1649 2166 1702 2195 ex

207 2345 236 2376 1.
259 2343 395 2386 Ubique
417 2344 511 2376 enim
529 2343 602 2376 fere
623 2343 639 2375 ὁ
660 2343 733 2378 Χῖος
758 2343 969 2385 simpliciter
982 2343 1159 2382 laudatur,
1176 2342 1271 2384 quod
1288 2341 1536 2374 animadvertit
1557 2341 1701 2374 Nieber-

163 2391 316 2434 dingius,
342 2393 383 2424 de
395 2391 489 2424 Ionis
509 2391 592 2430 vita,
611 2391 762 2422 moribus
776 2393 809 2423 et
821 2391 959 2428 studiis,
983 2401 1016 2433 p.
1038 2391 1066 2422 1.

201 2441 230 2471 2.
254 2439 338 2472 Vide
359 2448 549 2471 excursum
569 2439 606 2470 in
622 2439 690 2470 fine
710 2439 814 2479 hujus
835 2439 954 2470 libelli.

201 2488 231 2519 3.
252 2486 367 2519 Schol.
389 2487 426 2519 in
446 2486 696 2528 Aristophanis
717 2487 851 2524 Pacem,
873 2487 949 2525 8353
971 2485 1014 2517 cf.
1044 2485 1182 2525 Suidas,
1203 2495 1229 2516 S.
1254 2494 1284 2517 v.
1307 2484 1699 2527 διθυραμὸοδιδάσκαλοι;

161 2534 221 2573 id„
248 2544 275 2566 s.
300 2543 331 2566 v,
353 2533 446 2573 ”Ιων;
468 2535 673 2576 Harpocrat.
696 2543 723 2564 s.
745 2542 775 2565 v,
795 2533 875 2564 Ἴων.

199 2583 230 2613 4.
256 2581 400 2613 Minime
420 2581 614 2623 probabilis
629 2581 715 2612 mihi
736 2580 874 2612 videtur
894 2590 968 2612 esse
985 2580 1178 2613 Welckerii
1199 2581 1403 2621 conjectura
1423 2582 1483 2622 qui
1501 2581 1701 2623 suspicatur

160 2629 240 2661 Ioni
253 2629 360 2661 Xuthi
378 2629 448 2671 filii
466 2639 664 2671 cognomen
682 2638 756 2659 esse
771 2629 977 2670 impositum
992 2631 1138 2670 propter
1152 2631 1377 2670 arrogantem
1391 2629 1561 2661 habitum.
1582 2630 1700 2670 Ipsum

163 2677 223 2708 Ion
245 2686 375 2709 nomen
401 2677 485 2709 satis
509 2686 573 2718 per
592 2686 628 2708 se
650 2685 848 2717 cognomen
862 2676 1036 2714 illustrat,
1058 2686 1172 2717 neque
1193 2676 1333 2707 credam
1355 2677 1398 2707 ab
1419 2687 1489 2708 uno
1509 2678 1570 2708 aut
1589 2676 1699 2707 altero

163 2724 298 2756 comico
316 2725 432 2766 poeta,
454 2726 493 2756 ut
507 2724 582 2755 vult
601 2723 835 2761 WelckcriuS,
858 2733 1053 2765 cognomen
1074 2724 1258 2755 inventum
1278 2733 1365 2762 esse,
1387 2724 1447 2755 scd
1467 2724 1509 2755 ab
1525 2723 1700 2755 universis

161 2771 451 2811 Atheniensibus,
469 2772 530 2813 qui
548 2772 665 2804 herois
681 2773 714 2803 ct
730 2772 841 2813 poetae
860 2771 1045 2803 nominum
1056 2771 1323 2803 similitudinem
1337 2781 1408 2804 non
1422 2771 1699 2804 animadvertere

166 2828 238 2851 non
254 2820 456 2860 potuerunt.
476 2819 575 2859 (Vide
592 2818 770 2856 Welcker,
791 2818 852 2849 Die
873 2818 1000 2859 qrieclz.
1025 2819 1183 2859 Trayo'd.,
1204 2828 1236 2861 p.
1261 2818 1344 2859 939).

207 2867 237 2900 5.
259 2867 292 2899 C.
318 2867 343 2899 Ι.
367 2868 424 2900 Gr.
442 2868 532 2899 2214.
