2125 3534
197 498 218 553 ἓ
245 498 285 539 2.
319 522 375 528 -
401 496 478 538 [οη
515 494 708 538 Athenas
732 493 931 552 primum
960 491 1153 534 advenit.
1187 492 1452 535 Smmnatim
1489 493 1723 551 erstom'lw·

255 581 353 625 quie
373 575 477 610 teme
493 566 633 626 fuerit
654 580 754 608 cum
780 564 880 608 Chic·
902 572 992 607 tum
1015 563 1198 606 Athenis
1219 564 1547 608 eclucamlorum
1563 579 1723 622 lmese-

257 652 356 680 rum
374 646 501 681 ratzo.

257 779 370 824 Cum
415 778 617 822 Athenas
663 777 745 821 Ion
784 777 985 836 primum
1022 776 1166 829 venit,
1209 791 1327 819 anno
1367 775 1545 819 circiter
1588 776 1670 819 476
1693 776 1721 828 ¹,

199 857 399 894 παντάπασι
429 857 608 906 μειράκιον
637 852 746 900 erat,
780 852 830 891 ut
863 849 956 906 ipse
984 847 1045 890 ait.
1071 847 1189 905 apud
1218 847 1511 890 Plutarchum
1535 848 1563 897 Ξ,
1591 846 1632 888 id
1660 851 1726 889 est

198 920 577 972 adolescentulus,
599 934 741 963 annos
764 919 854 962 fere
876 917 1134 976 quindecim
1162 921 1307 960 natus,
1329 918 1425 969 Quo
1447 922 1598 960 aulem
1617 932 1725 961 con—

199 992 299 1036 silio
334 995 459 1051 pater
490 1006 594 1034 cum
633 990 835 1034 Athenas
862 989 1059 1032 mitteret
1089 988 1164 1031 vix
1195 988 1380 1032 dubium
1412 1004 1507 1032 esse
1537 992 1681 1047 potest
1715 1002 1724 1030 :

199 1063 406 1123 sperabat
431 1063 605 1106 scilicet
626 1062 926 1106 Orthomenes
947 1060 1279 1104 adolescentem
1312 1060 1429 1119 apud
1458 1059 1728 1102 humanissi-

198 1149 321 1178 mam
360 1134 486 1176 illam
520 1138 718 1192 gentem,
755 1133 991 1176 meliorem
1027 1147 1161 1190 quam
1193 1132 1239 1174 in
1272 1131 1416 1189 patria
1442 1130 1728 1188 disciplinam

198 1205 494 1248 inventurum
516 1207 558 1247 et
579 1218 624 1247 se
646 1203 989 1263 perfectioribus
1011 1202 1171 1245 studiis
1193 1201 1248 1245 ad
1270 1202 1440 1244 litteras
1461 1201 1728 1243 informatu-

198 1290 314 1318 rum.
343 1274 613 1332 Quanquam
638 1289 729 1317 non
750 1273 934 1317 deerant
951 1272 1135 1331 quidem
1155 1272 1253 1315 Chii
1276 1272 1321 1314 in
1342 1272 1452 1315 urbe
1474 1271 1729 1314 liberalium

199 1346 365 1390 artium
395 1345 615 1404 magistri.
651 1344 763 1398 Imo,
791 1344 1009 1388 beneficio
1037 1343 1231 1402 quodam
1269 1342 1436 1395 divino,
1471 1357 1562 1385 non
1596 1342 1729 1385 modo

200 1420 363 1461 natura
390 1417 489 1466 soli,
510 1416 676 1459 vitibus
704 1420 747 1458 et
768 1416 888 1469 vino,
913 1415 990 1459 sed
1012 1416 1147 1458 etiam
1172 1414 1425 1457 incolarum
1452 1413 1652 1471 ingenio,
1675 1413 1730 1456 ad

203 1488 354 1532 omnis
389 1487 567 1546 generis
603 1487 748 1530 studia
783 1487 1032 1546 aptissimo,
1065 1487 1186 1529 inter
1211 1485 1352 1543 sligaaei
1386 1485 1525 1528 maris
1560 1484 1730 1532 insulas

204 1559 339 1604 Chios
355 1558 575 1602 excellere
597 1558 833 1601 videbatur
854 1572 862 1601 :
884 1558 1048 1616 quippe
1064 1572 1177 1615 quae,
1202 1561 1299 1599 tum
1322 1559 1731 1615 proptermagnam

202 1634 245 1674 et
280 1630 503 1673 illustrem
543 1629 768 1673 artificum
814 1630 992 1688 copiam
1033 1630 1254 1671 emineret
1275 1629 1304 1681 3,
1343 1632 1440 1671 tum
1480 1627 1732 1669 litterarum

200 1699 332 1744 laude
354 1699 582 1758 quondam
607 1699 908 1743 inclaruisset.
941 1700 1052 1743 Cum
1079 1703 1144 1743 tot
1159 1700 1211 1743 de
1231 1699 1414 1742 Homeri
1437 1698 1581 1757 patria
1600 1697 1733 1740 urbes

200 1774 440 1823 certarent,
466 1771 560 1814 sola
584 1786 673 1829 pree
700 1771 861 1814 ceteris
889 1786 1108 1829 magnum
1138 1775 1288 1815 vatem
1315 1770 1524 1829 genuisse
1553 1768 1687 1811 Chios
1709 1781 1734 1810 a

200 1842 412 1902 plurimis
442 1842 802 1896 existimabatur,
851 1843 1169 1901 exstiteratque
1202 1843 1249 1885 in
1277 1857 1328 1886 ea
1350 1841 1446 1900 jam
1485 1839 1734 1897 antiquitus

202 1913 420 1957 continua
454 1916 690 1972 poetarum
714 1913 851 1956 series
881 1914 956 1972 qui
978 1913 1209 1957 recitanda
1230 1912 1326 1971 ejus
1345 1916 1552 1971 poemata
1580 1925 1733 1954 susce-

201 1988 362 2044 perant
379 1987 422 2027 et
442 1999 521 2043 per
539 1999 702 2028 manus
718 1985 788 2043 pie
802 1985 1100 2043 religioseque
1122 1984 1353 2038 tradenda,
1373 1998 1491 2027 nova
1512 1983 1595 2042 ipsi
1615 1997 1735 2026 com-

201 2059 439 2115 ponenteS,
465 2059 522 2108 et,
546 2059 594 2099 ut
615 2056 840 2099 Homerus
862 2056 974 2115 ipse,
998 2056 1170 2099 insulas
1196 2056 1411 2108 visentes,
1439 2054 1601 2097 Delum
1621 2069 1735 2112 pree-

201 2126 376 2180 sertim,
406 2130 457 2170 ut
497 2130 658 2170 cantus
697 2142 802 2170 suos
838 2127 956 2170 inter
995 2142 1122 2171 sacra
1153 2127 1334 2186 publica
1366 2126 1736 2183 ludicrorumque

202 2197 455 2242 certamina
476 2197 743 2242 exhiberent
759 2198 790 2241 4.
825 2197 982 2256 Itaque
1003 2213 1096 2242 non
1126 2197 1388 2241 mirandum
1410 2200 1477 2240 est
1497 2196 1533 2239 si
1560 2200 1736 2239 mature

202 2268 372 2313 scholae
390 2269 490 2313 Chii
522 2269 742 2312 institutae
770 2272 890 2322 sunt,
915 2270 963 2312 in
990 2269 1153 2328 quibus
1176 2269 1303 2328 pueri
1329 2284 1381 2312 ea
1400 2283 1497 2327 quae
1523 2266 1578 2311 ad
1599 2265 1737 2309 musi-

203 2354 304 2384 cam
339 2343 383 2383 et
414 2340 470 2384 ad
505 2340 837 2399 gymnasticam
867 2344 1010 2384 artem
1040 2340 1269 2399 pertinent.
1293 2339 1582 2383 docebantur.
1619 2340 1735 2386 Jam‚

203 2426 293 2470 quo
312 2414 510 2471 tempore
528 2411 656 2454 Ionia
674 2411 914 2454 Persarum
926 2410 1089 2470 jugum
1108 2412 1243 2470 coepit
1261 2414 1484 2464 excutere,
1501 2409 1742 2455 studebant

202 2482 382 2537 litteris,
412 2483 461 2527 in
482 2483 678 2543 quodam
698 2483 824 2527 urbis
851 2482 974 2538 ludo,
1004 2486 1188 2527 centum
1218 2487 1262 2527 et
1283 2483 1448 2543 viginti
1468 2483 1611 2542 pueri,
1635 2483 1741 2528 cho-

246 2615 275 2645 1.
301 2613 387 2647 Vide
405 2623 593 2646 excursum
610 2614 647 2646 in
666 2614 734 2646 fine
757 2614 863 2656 hujus
882 2614 1003 2647 libelli.

246 2663 276 2693 2.
299 2661 489 2700 Plutarch,
511 2662 628 2694 Cimon
646 2662 699 2693 IX.

246 2710 276 2741 3.
306 2710 402 2742 Inter
425 2719 514 2751 quos
544 2709 800 2741 anmunerandi
832 2712 914 2743 sunt
935 2711 1127 2744 Achermos
1152 2719 1231 2743 cum
1257 2710 1395 2742 duobus
1424 2708 1517 2748 filiis,
1549 2708 1676 2740 Atheni
1708 2711 1742 2741 et

206 2756 354 2798 Bupalo,
374 2757 619 2799 imprimisque
639 2757 803 2797 Glaucus,
824 2758 885 2799 qui
915 2768 1042 2791 novam
1072 2758 1335 2792 efficiendorum
1357 2756 1627 2788 simulacrorum
1647 2756 1740 2788 viam

207 2803 400 2836 artificibus
420 2805 568 2846 aperuit.

247 2852 278 2882 4.
301 2851 386 2883 Vide
409 2861 487 2893 quae
500 2852 542 2884 de
556 2852 754 2885 Homeridis
769 2853 912 2896 scripsit
924 2854 968 2886 M.
982 2854 1127 2893 Croiset,
1138 2853 1289 2886 Histoire
1303 2853 1344 2884 de
1359 2853 1394 2885 la
1407 2852 1567 2885 Litte'rat.
1583 2861 1739 2894 fyr-ecque,

210 2897 237 2937 Ι,
261 2907 294 2939 p.
319 2899 377 2930 403
401 2908 498 2940 sqq.;
522 2899 566 2931 cf.
597 2900 847 2942 Thucydidem,
872 2901 929 2941 ΙΙΙ,
953 2903 1028 2941 104;
1049 2902 1171 2944 Hymn.
1199 2901 1246 2933 ad
1273 2899 1388 2943 Apoll.
1415 2900 1563 2940 Delium,
1589 2901 1625 2932 in
1658 2899 1737 2931 fine.
