2125 3534
968 296 1198 338 —42-

480 407 626 443 Odores
648 410 685 443 et
703 408 902 453 unguenta

483 470 519 503 et
540 467 804 503 Sardiniacam
826 465 926 500 cutis
947 464 1127 500 curandae
1149 466 1271 499 artem
1292 461 1433 498 callere

480 528 624 563 melius
646 529 703 561 est
723 536 838 571 quam
859 524 947 559 illos
968 524 1105 559 insulae
1126 523 1280 569 Pelopis
1300 533 1427 558 mores
1449 520 1475 558 ¹.

481 588 713 633 Perpetuam
734 587 887 630 oportet
908 595 970 619 me
991 584 1237 619 festivitatem
1253 594 1363 630 agere
1382 584 1410 618 2.

323 716 414 760 Nec
431 731 559 759 mora
584 729 592 757 :
618 714 927 774 implebantur
947 717 1141 758 crateres
1169 717 1211 757 et
1230 714 1395 773 pocula
1413 728 1421 767 3
1442 710 1680 755 fumabant
1697 707 1860 752 arden-

324 788 442 832 tibus
462 801 711 846 quercuum
733 785 905 829 truncis
924 786 1147 844 impositae
1169 801 1327 829 carnes
1350 788 1385 838 33
1411 783 1464 827 ad
1486 782 1617 826 tibias
1637 784 1761 824 extra
1779 793 1862 821 nu-

324 874 502 903 merum
519 858 665 916 longis
684 857 882 900 vestibus
898 856 1142 915 impeditus
1165 857 1356 900 saltabat
1373 857 1522 907 heros,
1541 853 1862 908 ebriorumque

323 931 472 989 turpia
493 929 763 988 gerentium,
786 931 829 970 et
850 927 1039 971 dicenda
1062 927 1252 971 tacenda
1274 926 1558 985 loquentium
1580 921 1854 983 spectaculo,

324 1005 376 1045 ut
395 999 717 1058 Aristophanis
748 1000 909 1057 Vespae‚
932 998 1086 1042 sabula
1104 998 1413 1042 claudebatur.

384 1072 429 1115 Si
455 1085 561 1115 vera
580 1073 686 1113 sunt
707 1084 804 1127 quae
827 1068 880 1112 de
914 1068 1136 1127 Omphala
1163 1068 1460 1127 conjecimus,
1495 1064 1864 1111 animadverten-

328 1143 435 1187 dum
454 1145 521 1186 est
538 1145 704 1200 quanta
727 1140 932 1183 libertate
954 1143 1050 1183 tum
1068 1141 1368 1199 satyricorum
1396 1139 1653 1182 dramatum
1675 1136 1865 1194 scripto-

329 1229 399 1258 res
425 1214 473 1256 in
494 1212 704 1256 notandis
726 1211 910 1263 civium,
935 1211 1007 1254 vel
1029 1211 1466 1269 potentissimorum,
1495 1209 1644 1269 pravis
1663 1207 1867 1251 moribus

330 1288 407 1329 aut
426 1285 472 1327 in
506 1282 772 1341 effingendis
799 1282 847 1324 in
880 1297 955 1324 eos
983 1281 1250 1325 criminibus
1277 1285 1512 1325 uterentur
1542 1294 1550 1323 :
1581 1279 1700 1338 quod
1730 1278 1870 1322 comi-

331 1370 487 1400 corum
506 1357 741 1413 poetarum
762 1353 911 1411 potius
938 1352 1170 1411 proprium
1193 1352 1331 1395 fuisse
1353 1352 1534 1395 scimus.

388 1427 475 1470 Per
499 1424 765 1484 Omphalam
785 1424 1021 1482 prolusum
1045 1422 1181 1465 estad
1203 1423 1459 1481 graviorem
1485 1436 1687 1481 pugnam
1708 1421 1755 1464 in
1783 1435 1872 1479 qua

330 1498 544 1542 adversus
575 1496 799 1539 Periclem
825 1495 1022 1552 reliquas
1054 1494 1174 1537 vires
1205 1509 1309 1537 suas
1338 1494 1582 1537 voluerunt
1612 1493 1870 1552 optimates,

329 1567 591 1627 Thucydide
614 1567 741 1619 duce,
770 1566 985 1609 ultimum
1020 1565 1227 1624 experiri.
1254 1565 1501 1623 Postquam
1520 1579 1643 1617 vero,
1663 1564 1872 1623 quamvis

331 1655 510 1684 summa
543 1638 833 1682 contentione
868 1640 1019 1680 essent
1057 1636 1186 1690 enisi,
1227 1651 1280 1680 ex
1318 1637 1413 1680 acie
1452 1636 1559 1680 victi
1590 1637 1874 1679 recesserunt

331 1712 613 1769 Athenisque
634 1710 756 1753 abire
783 1713 1003 1752 testarum
1032 1708 1244 1767 suffragio
1271 1708 1558 1768 Thucydides
1581 1711 1762 1751 coactus
1791 1709 1872 1758 est,

333 1783 429 1837 Ion,
464 1782 717 1826 amicorum
751 1781 981 1823 fortunam
1015 1784 1212 1833 secutus,
1253 1780 1345 1823 sive
1381 1795 1402 1823 e
1440 1780 1620 1823 civitate
1652 1777 1822 1836 ejectus
1853 1792 1878 1820 a

332 1855 578 1899 victoribus
601 1853 693 1896 sive
722 1855 880 1911 sponte
904 1867 984 1895 sua
1003 1852 1231 1911 profectus
1254 1854 1335 1904 est,
1360 1851 1553 1894 Athenis
1577 1854 1620 1894 et
1640 1850 1733 1909 ipse
1755 1848 1879 1893 vide-

332 1930 405 1969 tur
425 1925 690 1984 migravisse
711 1925 741 1966 4.
765 1925 826 1966 At
844 1924 1005 1966 saltem
1029 1924 1127 1967 Chii
1157 1938 1262 1967 eum
1285 1925 1647 1966 commorantem
1667 1920 1876 1964 videmus

334 2001 526 2056 quatuor
546 1999 646 2055 post
665 1995 797 2038 annis
815 1995 901 2054 (Ol.
921 1997 991 2048 84,
1016 1997 1055 2038 4.
1071 2021 1127 2026 —
1146 1996 1228 2038 410
1242 1998 1346 2038 ante
1370 1994 1450 2038 Ch.
1472 1993 1538 2051 n.)
1554 2007 1657 2036 cum
1679 1991 1876 2035 Pericles

336 2069 552 2114 adversus
579 2067 768 2111 Samum
796 2067 1148 2111 Atheniensium
1179 2067 1371 2110 classem
1400 2065 1540 2110 duxit.
1569 2064 1750 2108 Etenim
1772 2077 1876 2107 cum

339 2252 394 2291 μὲν
413 2251 467 2282 τὸν
484 2250 603 2282 λέοντα
622 2250 719 2281 αὑτοῦ
738 2250 1022 2292 περιόεὸλημένην
1040 2252 1095 2282 καὶ
1112 2252 1148 2282 τὸ
1166 2250 1261 2289 ξύλον
1281 2249 1311 2281 ἐν
1332 2252 1372 2291 τῇ
1394 2250 1480 2291 χειρὶ
1495 2248 1648 2291 ἔχουσαν,
1667 2248 1706 2283 ὡς
1719 2246 1883 2289 Ἡρακλέα

339 2297 430 2335 δῆθεν
451 2296 561 2334 οὖσαν,
584 2297 680 2329 αὐτὸν
701 2298 733 2328 δὲ
754 2298 784 2328 ἐν
808 2299 956 2339 κροκωτῷ
975 2301 1029 2329 καὶ
1053 2298 1235 2340 πορφυρίδι,
1265 2298 1335 2339 ἔρια
1356 2297 1516 2335 ξαίνοντα,
1539 2298 1594 2326 καὶ
1617 2299 1795 2336 παιόμενον
1819 2294 1882 2325 ὑπὸ

339 2347 396 2384 τῆς
412 2345 581 2387 Ὀμφάλης
602 2348 646 2387 τῷ
664 2346 828 2387 σανδαλίῳ
846 2357 852 2363 ·
874 2348 928 2377 καὶ
949 2348 985 2377 τὸ
1000 2345 1103 2385 θέαμα
1120 2345 1304 2386 αἴσχιστον,
1327 2344 1499 2385 ἀφεστῶσα
1516 2343 1537 2382 ἡ
1553 2343 1644 2380 ἐσθὴς
1662 2343 1718 2373 τοῦ
1735 2342 1883 2383 σώματος

340 2396 395 2425 καὶ
416 2397 461 2435 μὴ
480 2396 731 2436 προσιζάνουσα,
752 2396 806 2425 καὶ
825 2396 881 2425 τοῦ
898 2394 969 2424 θεοῦ
995 2395 1030 2424 τὸ
1054 2392 1205 2434 ἀνδρῶδες
1228 2392 1423 2434 ἀσχημόνως
1442 2390 1762 2430 καταθηλυνόμενον.

383 2444 410 2474 1.
433 2444 569 2485 Fragm.
593 2444 641 2474 24.
668 2452 721 2483 ap.
741 2442 875 2473 Nauck.
899 2442 958 2473 His
980 2441 1154 2479 versibus,
1176 2442 1214 2472 ut
1231 2441 1318 2472 mihi
1342 2439 1492 2479 videtur,
1514 2440 1577 2472 Ion
1598 2439 1808 2480 Spartanam
1828 2436 1883 2469 Ci-

341 2490 457 2522 monis
473 2490 629 2521 indolem
651 2489 792 2521 Periclis
810 2489 969 2520 moribus
993 2488 1203 2530 opponebat.

382 2538 411 2568 2.
433 2537 571 2578 Fragm.
594 2538 644 2575 21,
667 2546 721 2577 ap.
744 2537 877 2568 Nauck.

384 2585 412 2615 3.
434 2585 572 2625 Fragm.
590 2584 639 2621 28,
659 2593 714 2624 ap.
736 2583 859 2615 Nauck
881 2593 887 2614 :
911 2582 1148 2624 ἐξανθρακώσας
1165 2582 1298 2623 πυθμεν’
1320 2581 1461 2621 εὕκηλον
1480 2581 1580 2624 δρυός.

384 2634 414 2663 4.
437 2633 587 2670 Curtius,
608 2632 696 2663 Hist.
713 2641 840 2673 gyrecq„
862 2631 903 2669 ΙΙ,
925 2642 958 2672 p.
978 2632 1049 2669 456,
1065 2631 1101 2661 in
1121 2630 1249 2672 gallica
1263 2631 1505 2662 translatione.
1525 2649 1564 2653 —
1579 2630 1745 2671 Superest
1761 2629 1884 2662 etiam-

344 2689 439 2712 nunc
458 2680 559 2721 lapis,
574 2680 675 2711 aetate
692 2680 814 2710 nostra
828 2679 864 2709 in
880 2687 960 2710 arce
982 2680 1155 2719 repertus,
1174 2677 1234 2718 qui
1255 2678 1348 2709 Ionis
1367 2678 1459 2709 inter
1477 2676 1709 2708 Athenienses
1729 2685 1886 2708 commo-

346 2727 493 2758 rationis
521 2726 728 2758 memoriam
767 2726 932 2757 servavit.
965 2726 1003 2756 In
1035 2734 1234 2756 marmorea
1264 2725 1341 2756 basi
1371 2725 1499 2766 legitur
1530 2724 1597 2756 hoc
1629 2724 1847 2766 epigramma
1878 2733 1885 2754 :

347 2774 441 2815 [''l]wv
458 2774 608 2812 ἀνέθηκεν
633 2773 829 2815 ἄγ[α]λ[μαῖ>
851 2773 903 2814 *effi
925 2772 1088 2813 Ἀθηναίῃ.
1103 2773 1155 2811 (C.
1177 2773 1204 2803 Ι.
1222 2772 1294 2803 All.
1310 2772 1337 2811 l,
1355 2774 1413 2803 395
1430 2781 1511 2803 cum
1525 2771 1688 2803 Kochleri
1710 2780 1888 2803 commen-

348 2822 459 2853 tariis.
482 2821 529 2854 Cf.
551 2821 742 2859 Kirchhofl'‚
763 2821 915 2859 Hermes,
940 2820 979 2859 V,
1004 2820 1065 2861 59).
1088 2820 1165 2851 Non
1188 2819 1335 2851 dubium
1360 2820 1422 2858 est,
1444 2819 1648 2851 auctoribus
1673 2817 1888 2851 doctissimis

349 2869 446 2907 viris,
467 2870 553 2910 quin
572 2869 614 2900 ab
646 2869 728 2900 Ione
759 2869 841 2900 Chio
866 2868 932 2900 hoc
964 2869 1232 2900 monumentum
1256 2868 1412 2899 erectum
1436 2867 1491 2898 sit.
1525 2867 1738 2898 Litterarum
1768 2867 1887 2898 autem

350 2917 464 2949 forma
482 2919 631 2949 testatur
651 2917 869 2958 epigramma
888 2926 958 2948 non
980 2915 1135 2957 potuisse
1152 2916 1234 2957 post
1253 2915 1304 2948 Ol.
1330 2916 1367 2946 83
1385 2914 1550 2956 (448-444)
1572 2914 1679 2956 lapidi
1699 2913 1819 2946 incidi.
