2125 3534
855 254 1084 297 „57—

480 367 781 405 in-aere—librata
801 370 838 403 et
858 367 1162 403 nivibus-obruta
1182 369 1375 414 prooemia.

209 429 321 466 Pistk.
441 441 452 464 :
471 429 646 464 Possitne
668 428 782 474 igitur
802 438 820 462 e
839 427 1004 462 nubibus
1025 427 1110 472 quis
1131 428 1313 473 prominia
1333 427 1487 473 petere?

209 489 322 526 Gines.
444 500 455 523 .·
474 488 568 523 Nam
590 487 677 522 inde
698 486 839 532 pendet
857 496 917 520 ars
939 489 1079 521 nostra.

474 547 516 581 In
544 544 797 591 dithyrambis
813 545 915 579 enim
938 544 1249 590 splemlidissima
1270 549 1358 580 sunt

477 604 582 640 aeria
603 607 639 639 et
660 603 900 638 tenebricosa
929 603 1098 647 quidem,
1122 606 1158 637 et
1179 604 1341 639 cznrulvo
1363 603 1566 650 splendore
1597 605 1704 651 nigra

475 667 512 698 ct
531 662 770 698 alis-librata.
792 663 845 696 Tu
866 673 953 696 vcro
974 672 1061 696 mox
1082 662 1213 697 audies
1235 666 1271 697 υἱ
1292 663 1493 709 intelliges.

207 723 319 759 Pisth.
440 734 451 758 .·
471 723 551 758 Non
573 733 639 768 ego
660 721 828 767 quidem.

208 782 320 819 eines.
435 794 445 817 .·
815 778 1032 814 Mehercule
1056 782 1094 814 tu
1115 780 1270 825 quid-*m
1293 781 1464 827 (audies).

471 840 630 875 Omnem
653 839 754 873 enim
774 838 839 872 tibi
862 848 1083 883 percurram
1102 850 1229 874 acrem

468 899 534 945 (et)
556 898 761 934 simulacra
780 897 942 932 alituum

468 957 593 992 avium
616 956 1073 1001 longo-collo-insignium

468 1015 876 1051 acrem-lustsantium.

208 1077 320 1112 Pz'sth.
439 1088 449 1110 .·
469 1077 550 1111 Jam
573 1078 710 1109 taceas.

208 1135 321 1172 Ciues.
440 1146 450 1169 .·
472 1134 624 1169 Utinam
645 1133 691 1168 ad
712 1144 816 1168 maro
838 1143 953 1168 cursu
976 1133 1150 1169 insiliens

467 1203 554 1227 cum
581 1195 782 1227 ventorum
803 1191 957 1226 flatibus
979 1192 1080 1226 eam!

471 1279 1089 1286 -----------

470 1321 572 1345 nunc
593 1311 781 1345 marinam
802 1310 849 1344 ad
869 1310 968 1344 viam
989 1310 1188 1348 accedens,

471 1379 572 1403 nunc
591 1380 678 1403 vero
699 1368 747 1403 ad
770 1369 925 1403 Boream
948 1379 1085 1414 corpus
1106 1370 1432 1416 appropinquam,

473 1428 755 1474 importuosum
775 1428 874 1462 aeris
896 1429 1035 1463 fretum
1058 1439 1205 1463 secans.

263 1544 373 1597 Quae
403 1557 662 1602 quanquam
702 1542 933 1586 deridendi
963 1547 1101 1601 poctae
1124 1558 1259 1586 causa
1290 1543 1443 1586 omnia
1471 1543 1525 1585 ab
1556 1542 1728 1585 Aristo-

207 1616 353 1675 phane
369 1615 618 1673 composita
632 1629 728 1657 esse
744 1614 885 1672 liquet
898 1618 937 1657 et
951 1615 996 1656 in
1014 1613 1140 1673 pcjus
1154 1614 1438 1673 amplificata,
1458 1628 1560 1657 cum
1577 1617 1728 1655 tamen

206 1687 403 1731 colorem
424 1685 606 1734 habent,
631 1685 706 1742 qui
736 1685 935 1743 profecto
958 1685 1159 1737 Cinosiae,
1186 1685 1306 1728 Ionis
1339 1688 1380 1727 ct
1411 1684 1501 1727 fcrc
1523 1684 1728 1727 omnium

206 1756 639 1816 dithyrambicorum
661 1759 895 1814 poctarum
925 1755 1201 1799 carminibus
1228 1756 1374 1798 inerat
1397 1758 1422 1797 ¹.

261 1829 321 1872 At
337 1842 430 1870 non
451 1826 598 1870 solum
617 1842 641 1869 a
662 1826 893 1869 stellarum
910 1830 951 1869 et
972 1826 1161 1869 nubium
1183 1827 1455 1885 spectaculo,
1480 1829 1556 1868 aut
1576 1825 1726 1868 avium

204 1899 356 1944 volatu
371 1898 543 1943 aethcra
564 1912 667 1941 cum
689 1898 834 1940 ventis
862 1897 1166 1949 lustrantium,
1192 1897 1329 1940 Chius
1352 1901 1480 1956 poeta
1507 1896 1728 1955 imagines

205 1985 308 2014 suas
328 1969 632 2013 mutuabatur.
658 1968 900 2011 Haurichat
924 1968 1059 2011 etiam
1084 1983 1137 2011 ex
1164 1967 1539 2011 reconditioribus
1557 1967 1728 2010 altioris

205 2039 657 2092 doctrinaefontib1153
682 2054 875 2098 cumque
900 2039 1287 2098 Pythagoreorum
1317 2039 1565 2097 discipulus
1597 2037 1728 2081 exsti—

204 2113 345 2165 tisset,
369 2126 526 2155 eorum
549 2111 809 2163 sententias,
834 2115 883 2154 ut
901 2126 954 2153 ex
980 2111 1109 2153 Pacis
1141 2125 1275 2169 supra
1296 2111 1430 2153 allato
1459 2109 1557 2153 loco
1579 2109 1726 2152 mani-

206 2183 370 2228 festum
386 2186 467 2235 est,
492 2183 540 2225 in
560 2182 761 2226 carmina
782 2197 877 2232 sua,
896 2182 1102 2240 quamvis
1131 2181 1361 2225 humiliori
1381 2181 1524 2240 plebis
1545 2180 1726 2239 ingenio

206 2269 366 2314 parum
400 2253 778 2306 accommodatas,
826 2253 879 2296 ad
919 2253 1170 2311 augendam
1210 2267 1362 2296 rerum
1405 2252 1726 2295 sublimitatem

206 2325 534 2369 transferebat:
567 2325 716 2383 inepte
744 2324 940 2382 quidem,
974 2324 1010 2366 si
1040 2324 1338 2383 Aristophani
1362 2323 1600 2367 credimus.
1636 2323 1723 2374 Sic,

205 2396 326 2440 haud
347 2396 495 2448 dubie,
529 2411 626 2454 quae
663 2395 715 2438 de
738 2396 996 2438 animorum
1026 2395 1072 2437 in
1100 2395 1292 2439 caelestia
1313 2410 1500 2454 corpora
1530 2394 1727 2453 migran-

206 2469 319 2511 tium
345 2467 591 2511 narrabant
612 2466 884 2525 Pythagorei
905 2467 933 2519 2,
959 2467 1005 2509 in
1027 2467 1118 2509 suis
1140 2466 1341 2510 versibus
1367 2465 1614 2509 ambitiosis
1632 2480 1728 2508 ver-

208 2539 275 2583 bis
296 2538 561 2598 exponebat.

266 2609 375 2662 Quae
407 2612 559 2652 autem
592 2623 645 2652 ex
675 2608 856 2667 cyclicis
888 2608 1168 2667 poematibus
1197 2611 1463 2666 argumenta
1499 2606 1727 2651 tractanda

209 2679 453 2738 susceperit
472 2679 569 2733 Ion,
595 2693 739 2737 neque
761 2677 1006 2737 quidquam
1029 2678 1082 2722 de
1104 2694 1154 2722 ea
1176 2693 1221 2722 re
1242 2678 1454 2722 traditum
1478 2683 1557 2731 est,
1582 2694 1726 2738 neque

251 2817 277 2846 l.
299 2815 424 2856 Bergk,
447 2815 580 2846 Griecle.
604 2815 759 2848 Lilerat..
778 2816 818 2851 ΙΙ,
843 2825 875 2856 p.
901 2815 971 2852 536,
991 2824 1022 2845 n.
1044 2816 1092 2846 38.

253 2862 282 2893 2.
304 2862 422 2901 zellen
445 2862 662 2903 Plzilosophie
681 2862 739 2893 cles
761 2862 872 2899 ὕνεως,
892 2862 916 2900 1,
938 2872 970 2905 p.
992 2863 1062 2901 406,
1082 2862 1118 2894 in
1136 2861 1261 2904 gallica
1278 2861 1515 2896 translatione.
