2125 3534
167 404 264 447 quae
291 391 343 434 ad
375 391 625 451 augendam
653 391 748 450 ejus
772 392 962 450 gloriam
991 393 1149 436 idonea
1170 397 1288 445 sunt,
1309 408 1399 437 non
1423 409 1598 453 semper
1618 400 1684 438 10-

167 461 273 513 cuit,
293 463 477 506 simodo
493 478 545 506 ex
565 463 670 506 Ione
686 462 974 521 depromptus
993 468 1055 505 est
1074 464 1327 507 l‘lutarehei
1348 465 1527 507 Periclis
1542 466 1680 515 locus,

166 531 213 574 in
232 547 318 590 quo
341 533 393 576 de
414 534 664 593 sumptibus
686 534 831 592 agitur
861 549 971 591 quos
993 534 1046 576 ad
1069 535 1317 577 orimndam
1352 536 1505 578 urbem
1540 537 1683 579 tacere

166 601 327 646 Pericli
363 605 407 646 in
437 605 589 648 animo
621 605 718 647 suit.
744 604 794 646 ln
826 604 907 647 1100
943 605 1072 648 loco¹
1103 605 1185 647 sihi
1221 606 1341 648 visus
1371 609 1435 648 est
1462 607 1683 664 Sauppius

163 671 285 716 Ionis
313 689 499 718 manum
533 689 796 733 agnoscere;
824 690 962 732 eaque
996 679 1098 718 sunt
1134 677 1215 718 viri
1249 676 1365 719 «loeti
1400 680 1678 733 argumenta,

163 742 325 799 quibus
344 758 414 787 me
436 745 490 787 ad
511 744 785 788 credendum
807 744 966 787 adduci
988 759 1077 787 non
1098 746 1355 802 negaverim
1379 746 1406 787 2.
1439 746 1538 788 Sive
1561 746 1680 788 enim

160 816 290 856 rcctae
311 815 526 857 orationis
557 816 747 858 formam
772 815 973 867 intueris,
1003 815 1046 857 111
1070 830 1201 872 quam
1232 815 1496 859 Plutarchus
1525 816 1681 859 incon—

159 883 276 926 50110
298 888 339 927 01
359 885 472 928 01105
503 884 737 942 cujusdam
764 886 958 929 auctoris
980 885 1217 928 verborum
1240 900 1413 928 memor
1443 886 1676 937 delabitur,

158 953 249 996 sive
272 955 495 1012 poeticum
526 956 656 999 illum
677 956 874 999 colorem
897 960 1085 1014 spectas,
1110 971 1197 1013 quo
1223 956 1541 999 suffunduntur
1560 957 1678 999 Thu-

159 1024 345 1083 cydidis,
370 1025 556 1069 Periclis
585 1026 750 1079 aemuli,
776 1026 925 1078 verba,
957 1026 1306 1069 Atheniensium
1338 1027 1493 1070 urbem
1525 1027 1678 1070 conse-

158 1095 296 1138 rentis
318 1110 421 1139 curn
442 1098 677 1140 meretrice
699 1112 858 1156 corpus
881 1112 1012 1140 suum
1037 1098 1461 1155 pretiosissimarum
1483 1113 1680 1156 gemma-

158 1180 258 1208 rum
277 1166 512 1224 splendore
535 1167 781 1211 odornante
803 1170 837 1220 ³;
861 1168 954 1210 sive
983 1167 1174 1225 denique
1202 1168 1394 1211 attendis
1421 1169 1466 1211 in
1493 1172 1678 1226 utraque

159 1237 378 1289 oratione,
398 1237 671 1296 Thucydidis
693 1239 863 1282 seilicet
884 1242 926 1281 et
948 1238 1147 1290 Periclis,
1170 1254 1261 1281 non
1283 1242 1374 1281 tam
1391 1239 1442 1282 de
1464 1239 1678 1282 confectis

152 1304 249 1364 ι10111
273 1307 471 1351 aedificiis
499 1309 585 1366 agi,
610 1324 745 1367 quam
772 1309 824 1351 de
853 1308 1141 1352 conficiendis
1169 1309 1222 1351 iis
1252 1324 1347 1356 ouae
1373 1313 1473 1353 ante
1500 1310 1677 1368 Thucy-

157 1376 272 1420 didis
304 1378 513 1421 exsilium
541 1380 710 1437 erigere
739 1379 932 1422 Pericles
968 1382 1184 1422 statuerat
1217 1383 1449 1438 postquam
1480 1395 1531 1423 ex
1562 1380 1677 1423 Delii

156 1447 383 1506 Apollinis
416 1450 583 1508 templo
613 1451 814 1493 Athenas
849 1450 1010 1493 allatus
1042 1454 1135 1493 erat
1164 1451 1388 1493 sociorum
1423 1451 1673 1503 thesaurus,

155 1545 212 1550 ——
232 1520 350 1578 quod
371 1521 551 1579 quidem
573 1521 750 1565 videtur
770 1525 918 1581 aperte
947 1521 1172 1565 declarare
1192 1523 1416 1566 orationes
1437 1522 1535 1565 illas
1557 1525 1675 1565 certo

155 1593 355 1650 tempore
377 1591 493 1634 etde
513 1593 646 1635 certis
668 1593 798 1636 rebus
820 1593 964 1650 reipsa
990 1592 1163 1635 habitas
1190 1608 1300 1645 esse,
1328 1608 1419 1636 non
1448 1608 1472 1636 a
1503 1592 1676 1635 rhetore

154 1662 306 1705 nescio
330 1677 417 1721 quo
452 1662 574 1706 fictas
597 1678 691 1707 esse
727 1668 769 1706 01
790 1664 1018 1715 inventas;
1055 1690 1110 1695 -—
1137 1679 1232 1721 quae
1269 1664 1434 1717 omnia,
1471 1664 1672 1722 inquam,

154 1732 190 1775 si
211 1747 337 1791 aequo
359 1734 511 1777 animo
536 1734 603 1777 vis
624 1734 912 1793 perpendere,
944 1735 1123 1777 fatearis
1144 1750 1325 1778 11000550
1353 1739 1419 1777 051
1452 1750 1543 1778 11011
1565 1735 1676 1778 1ον1-

154 1807 220 1847 ter
256 1804 549 1862 rejiciendam
586 1820 681 1848 esse
718 1806 900 1864 Sauppii
939 1806 1214 1864 opinionem,
1252 1810 1295 1848 at
1324 1805 1617 1849 Plutarchum
1654 1821 1676 1849 0

155 1875 371 1934 scriptore
393 1891 559 1929 rerum,
590 1891 699 1934 quas
725 1876 949 1929 narrabat,
970 1876 1131 1934 aequali
1148 1879 1291 1919 totum
1309 1876 1458 1920 locum
1480 1877 1672 1935 petiisse.

153 1972 210 1978 -——
226 1947 287 1990 At
303 1947 424 1990 enim
452 1962 476 1990 a
497 1947 788 1990 Stesimbroto
811 1951 886 1990 aut
903 1947 990 1990 alio
1013 1947 1169 2004 quovis
1191 1946 1394 2005 ejusdem
1413 1948 1553 1991 aetatis
1574 1962 1677 1991 auc-

152 2020 248 2061 tore
275 2017 368 2061 haec
391 2018 545 2061 omnia
575 2018 627 2061 de
654 2018 911 2077 Thucydide
942 2021 985 2061 et
1007 2017 1179 2061 Pericle
1200 2033 1225 2060 a
1247 2018 1487 2062 Plutarcho
1516 2018 1677 2062 tradita

153 2087 353 2146 profecta
369 2091 502 2132 sunt?
523 2088 651 2141 Quod
672 2089 734 2132 ita
754 2089 847 2132 fieri
866 2104 957 2132 non
971 2089 1169 2148 potuisse
1183 2104 1441 2147 quanquam
1454 2090 1675 2148 Sauppius

148 2157 245 2216 jam
267 2159 461 2202 ostendit
481 2161 511 2213 4,
530 2160 662 2203 liceat
681 2163 832 2203 tamen
851 2175 993 2219 pauca
1013 2159 1110 2217 ejus
1127 2161 1403 2217 argumentis
1419 2175 1642 2219 apponere
1663 2174 1671 2202 :

153 2230 333 2274 nullum
354 2230 526 2274 seilicet
546 2230 686 2274 alium
708 2231 971 2289 scriptorem
990 2245 1118 2289 posse
1140 2231 1398 2288 excogitari,
1423 2231 1509 2284 cui,
1539 2246 1672 2290 prop-

152 2304 221 2344 ter
251 2302 472 2345 amicitias
499 2317 616 2355 suas,
648 2302 709 2345 ita
740 2302 979 2360 contigerit
1016 2301 1148 2345 rebus
1182 2301 1290 2359 ipsis
1326 2301 1494 2355 adesse,
1521 2302 1673 2360 quales

153 2375 303 2416 essent
337 2373 470 2432 plane
502 2387 650 2427 nosse,
683 2376 726 2416 et
756 2373 945 2431 posteris
976 2387 1049 2416 eas
1081 2386 1211 2431 posse
1244 2371 1416 2416 tradere
1448 2376 1497 2416 ut
1531 2373 1676 2432 reipsa

194 2563 222 2594 1.
246 2561 433 2601 Plutarch,
450 2561 608 2599 Pericles,
628 2562 698 2593 XII.

191 2612 221 2642 2.
245 2610 330 2643 Vide
351 2609 494 2651 Sauppii
515 2609 798 2651 disputationem,
820 2617 924 2650 opere
945 2608 1097 2646 laudato,
1118 2617 1151 2649 p.
1174 2609 1211 2639 23
1233 2616 1308 2648 sqq.

191 2659 219 2689 3.
239 2659 296 2688 Καὶ
320 2657 409 2688 δοκεῖ
427 2656 530 2694 δεινὴν
552 2656 638 2697 ὔὸριν
658 2656 680 2694 ἡ
701 2655 821 2691 Ἕλλας
840 2655 1019 2696 ὑδρίζεσθαι
1038 2657 1093 2686 καὶ
1115 2654 1330 2696 τυραννεῖσθαι
1358 2654 1547 2695 περιφανῶς,
1569 2653 1675 2694 ὁρῶσα

148 2706 214 2739 τοῖς
231 2704 466 2747 εἰσφερομένοις
482 2703 536 2734 ὑπ’
554 2703 652 2741 αὐτῆς
674 2703 850 2744 ἀναγκαίως
876 2704 953 2744 πρὸς
968 2704 1023 2733 τὸν
1041 2702 1188 2742 πόλεμον
1210 2701 1292 2741 ἡμεῖς
1313 2702 1370 2739 τὴν
1387 2701 1484 2732 πόλιν
1510 2711 1675 2742 καταχρυ-

149 2753 283 2786 σοῦντας
297 2753 352 2782 καὶ
377 2750 644 2788 καλλῶπίζοντας
665 2751 771 2792 ὣσπερ
799 2750 940 2787 ἀλαζόνα
957 2751 1103 2790 γυναῖκα,
1126 2749 1388 2790 περιαπτομένην
1410 2748 1515 2783 λίθους
1535 2747 1674 2778 πολυτε-

148 2798 215 2834 λεῖς
232 2800 286 2829 καὶ
305 2798 479 2839 ἀγάλματα
496 2799 551 2828 καὶ
570 2799 663 2832 ναοὺς
677 2797 950 2839 χιλιοταλάντους
967 2797 1139 2838 (Pericles,
1160 2796 1243 2837 XII).
1265 2796 1509 2829 Animadverte
1528 2795 1564 2827 in
1589 2803 1674 2826 voce

149 2845 233 2887 ἡμᾶς
256 2848 360 2878 rectae
380 2845 549 2878 orationis
567 2845 725 2877 formam.

190 2895 219 2925 4.
242 2893 428 2936 Sauppius,
444 2893 520 2926 loco
534 2892 684 2925 laudato.
