2125 3534
1040 265 1267 309 -92-

393 377 635 422 consuluit.
661 376 749 428 Qui
781 376 998 435 potuisset
1018 375 1109 428 ille,
1135 376 1181 418 in
1212 379 1278 419 tot
1304 390 1491 435 operum
1518 377 1758 434 generibus
1785 393 1917 423 occu-

391 452 536 508 patus,
561 449 608 491 in
642 447 803 506 quibus
823 446 1014 505 singulis
1037 446 1265 490 elaborare
1292 447 1353 490 ita
1371 461 1673 506 permagnum
1695 452 1774 502 est,
1798 450 1915 493 utin

390 535 480 563 uno
508 533 685 577 quoque
713 533 876 576 genere
894 517 969 560 vix
990 533 1107 561 unus
1130 521 1172 561 et
1189 518 1302 561 alter
1322 518 1514 561 eximius
1535 519 1604 561 vir
1632 525 1911 576 numeretur,

387 590 595 634 laudibus
616 590 803 633 omnino
823 588 1011 647 dignum
1038 588 1205 647 aliquid
1236 589 1428 632 condere
1461 593 1504 632 et
1530 590 1742 634 omnihus
1775 593 1914 650 parti-

386 663 469 707 bus
508 662 795 705 absolutum?
841 660 952 703 Cum
986 660 1232 719 praesertim
1263 675 1354 703 non
1383 663 1478 718 tam
1504 660 1689 719 ingenio
1725 663 1916 721 polleret

387 737 430 777 et
449 737 626 787 natura,
654 746 789 791 quam
820 735 913 775 arte
944 735 986 775 et
1007 732 1227 784 doctrina,
1252 746 1344 775 non
1374 735 1466 774 tam
1499 731 1763 776 inveniendi
1794 734 1839 777 vi
1872 737 1916 777 et

387 804 601 848 divinitus
627 803 814 847 incitato
834 803 1005 862 spiritu,
1031 817 1165 861 quam
1188 803 1234 845 in
1263 802 1499 846 scribendo
1527 802 1761 862 diligentia
1781 808 1913 863 atque

385 890 507 919 cura.
529 874 777 918 Caveamus
802 877 956 917 tamen
983 889 1038 917 ne
1066 874 1264 917 severius
1285 889 1367 918 nos
1389 874 1441 918 de
1471 874 1579 918 Ione
1604 873 1829 932 judicium
1851 875 1914 919 fa-

383 946 571 999 ciamus,
598 960 731 1004 quam
752 945 837 1004 ipsi
857 945 1159 988 Athenienses
1180 946 1255 1004 qui
1283 960 1387 988 eum
1412 945 1552 989 semel
1579 946 1781 989 arbitrati
1808 950 1914 990 sunt

381 1032 476 1061 non
506 1016 749 1075 indignum
780 1031 876 1060 esse
909 1017 983 1075 qui
1016 1017 1182 1075 primas
1213 1017 1260 1059 in
1288 1017 1534 1060 certamine
1565 1017 1735 1076 tragico
1763 1021 1912 1076 partes

381 1088 616 1132 obtineret.
641 1087 902 1132 Laudabilis
923 1088 971 1130 in
992 1087 1099 1131 Ione
1127 1088 1211 1130 fuit
1232 1102 1437 1131 summus
1459 1092 1502 1131 et
1522 1088 1725 1132 sincerus
1745 1089 1914 1132 littera-

380 1174 483 1204 rum
524 1173 675 1212 am0r3
716 1158 957 1202 laudabilis
992 1163 1118 1217 grata
1153 1159 1357 1217 quaedam
1392 1174 1580 1218 operum
1620 1163 1834 1203 venustas
1867 1163 1912 1203 et

380 1231 619 1284 munditia,
644 1230 795 1274 mollis
823 1230 1047 1289 elegantia
1079 1231 1300 1273 sermonis
1332 1234 1375 1274 et
1403 1235 1562 1274 ornata
1592 1231 1764 1289 ingenii
1798 1246 1909 1274 con-

380 1303 590 1355 cinnitas,
606 1317 704 1361 quae
723 1302 759 1344 si
780 1302 932 1345 minus
954 1302 1129 1345 animos
1151 1302 1281 1360 rapit,
1307 1306 1352 1345 at
1375 1306 1492 1346 certe
1516 1302 1709 1346 delectat
1726 1306 1769 1345 et
1788 1302 1909 1345 mul—

378 1378 462 1419 cet.
488 1374 558 1418 Ad
586 1387 828 1425 summam,
853 1373 900 1416 in
930 1377 1056 1416 tanta
1080 1373 1311 1416 minorum
1340 1377 1576 1432 poetarum
1597 1373 1905 1426 multitudine,

377 1460 488 1504 quos
521 1445 655 1505 longe
685 1444 1085 1504 supereminebant
1123 1444 1207 1488 viri
1239 1445 1511 1488 excellentes
1532 1445 1587 1488 ad
1620 1460 1665 1488 se
1699 1445 1907 1488 omnium

375 1518 690 1559 convertentes
713 1517 883 1570 oculos,
903 1516 988 1560 fuit
1007 1531 1123 1559 unus
1145 1530 1167 1558 e
1188 1516 1588 1575 praestantissimis.
1612 1515 1741 1569 Quod
1760 1516 1796 1559 si
1814 1531 1906 1559 non

374 1601 425 1631 eo
447 1586 593 1630 laudis
609 1587 848 1646 splendore
869 1587 997 1641 nitet,
1019 1602 1105 1646 quo
1126 1602 1249 1631 nunc
1271 1587 1407 1631 etiam
1422 1587 1662 1646 refulgent,
1686 1591 1787 1646 post
1808 1591 1905 1632 tan-

373 1662 465 1702 tam
508 1674 734 1704 annorum
768 1659 955 1712 seriem,
997 1673 1140 1717 pauca
1175 1659 1253 1701 illa
1297 1659 1458 1717 quibus
1494 1658 1664 1702 Graecia
1704 1658 1906 1717 superbit

371 1729 629 1774 divinorum
650 1731 941 1789 ingeniorum
962 1730 1162 1783 nomina,
1188 1733 1234 1773 at
1253 1733 1373 1773 certe
1395 1745 1524 1773 suam
1558 1730 1641 1773 Ion
1667 1745 1760 1774 non
1786 1728 1904 1788 inju-

371 1801 568 1845 cundam
592 1803 741 1845 lucem
761 1802 933 1855 habuit,
950 1801 1129 1860 qualem
1150 1801 1315 1845 habere
1335 1801 1448 1845 solet
1464 1801 1759 1860 ille,quocum
1779 1801 1903 1844 Aris-

368 1873 588 1932 tophanes
610 1878 788 1933 poetam
811 1874 974 1917 Chium
992 1888 1083 1918 non
1103 1873 1284 1932 illepide
1306 1873 1579 1928 conferebat,
1605 1880 1715 1932 ἀστὴρ
1738 1880 1850 1922 ἀοῖος.
