2125 3534
1119 287 1349 328 -32-

754 551 775 605 ἓ
809 551 849 592 2.
885 576 942 581 —
972 552 1035 593 De
1059 550 1384 610 philosophicis
1415 550 1533 594 Ionis
1569 549 1703 594 libris.

520 691 586 734 Ex
608 690 731 734 Ionis
752 690 1078 751 philosophicis
1108 693 1285 752 scriptis
1314 692 1591 736 brevissimae
1621 695 1799 736 tantum
1832 691 1886 736 ad
1913 707 1997 736 nos

462 762 637 806 laciniae
660 767 978 820 pervenerunt,
1004 779 1101 822 quae
1124 768 1276 807 tamen
1297 764 1511 823 apertius,
1541 778 1677 822 quam
1705 763 1873 822 quaevis
1897 763 1996 807 aliae

462 849 515 877 ex
546 833 704 876 codem
725 838 909 877 auctore
932 835 1157 893 profectae,
1184 835 1415 878 declarant
1436 849 1571 893 quam
1593 834 1722 878 avide
1745 839 1788 877 et
1809 834 1998 893 diligen-

461 909 529 947 ter
550 905 705 947 omnia
726 920 823 962 quae
844 909 940 949 tum
971 907 1018 948 in
1046 921 1320 964 unoquoque
1348 905 1601 949 studiorum
1628 920 1792 964 genere
1814 905 1998 949 ederen-

461 980 549 1029 tur,
589 977 874 1035 percurrerit,
912 981 953 1020 et
990 977 1321 1020 diversissimas
1352 977 1764 1020 diversissimorum
1794 976 1998 1021 virorum

462 1047 690 1091 doctrinas
718 1048 765 1090 in
787 1063 832 1091 se
855 1049 1056 1106 recipere
1079 1052 1268 1091 conatus
1290 1048 1360 1091 sit.

517 1119 618 1162 Non
648 1134 694 1162 se
721 1120 769 1162 in
798 1119 936 1162 unius
967 1119 1173 1177 magistri
1202 1119 1339 1163 verba
1361 1118 1514 1177 jurare
1542 1119 1624 1162 Ion
1658 1118 1913 1172 addixerat;
1951 1123 2022 1163 at·

461 1205 565 1235 cum
592 1190 800 1233 omnium
823 1205 921 1248 quae
949 1191 1041 1233 sive
1063 1191 1109 1233 in
1128 1191 1237 1233 Asia
1257 1190 1447 1244 Minore,
1478 1190 1572 1233 sive
1603 1190 1651 1232 in
1678 1190 1779 1233 allis
1811 1190 1996 1234 Graeciae

460 1266 502 1305 et
517 1262 656 1305 Italiae
673 1261 937 1320 regionibus
956 1264 1031 1304 aut
1052 1261 1161 1304 olim
1177 1262 1425 1304 floruerant
1439 1265 1515 1304 aut
1530 1266 1628 1304 tum
1642 1261 1877 1314 florebant,
1900 1261 1998 1320 phi-

458 1333 797 1391 losophicarum
814 1333 1042 1375 rationum
1063 1347 1231 1390 gnarus
1251 1336 1382 1385 esset,
1402 1347 1424 1375 e
1440 1333 1633 1390 singulis
1649 1332 1926 1376 delibaverat
1947 1347 1999 1376 ea

460 1419 557 1462 quae
579 1403 676 1461 ejus
699 1404 837 1447 indoli
868 1407 910 1446 et
931 1403 1116 1461 ingenio
1146 1404 1252 1446 satis
1275 1403 1623 1462 respondebant,
1654 1407 1786 1462 atque
1814 1419 1999 1463 aggres-

459 1492 533 1519 sus
556 1479 651 1518 crat
683 1475 786 1517 inde
815 1475 899 1518 sibi
929 1474 1159 1533 propriam
1191 1474 1440 1533 disciplinae
1474 1474 1719 1518 formulam
1740 1475 1994 1519 instituere.

518 1547 551 1589 Ε
594 1546 890 1605 Pythagoreis
932 1545 1130 1604 plurima
1160 1546 1362 1589 fontibus
1390 1545 1567 1589 videtur
1594 1546 1813 1589 hausisse.
1847 1547 2002 1605 Neque

461 1633 567 1662 sane
588 1618 633 1661 id
655 1619 840 1661 mirum.
867 1617 981 1661 Cum
1009 1618 1148 1670 enim,
1173 1621 1223 1660 ut
1256 1632 1390 1676 supra
1410 1617 1623 1670 vidimus,
1647 1632 1741 1660 non
1774 1618 1821 1660 in
1858 1618 2003 1676 patria

463 1691 611 1733 solum
630 1690 749 1732 inter
766 1689 1005 1748 optimates
1027 1692 1361 1742 numeraretur,
1387 1688 1462 1731 sed
1482 1688 1618 1731 ctiam
1638 1688 1833 1732 Athenis
1855 1688 2003 1733 Cimo-

463 1762 534 1805 nis
562 1760 749 1820 ejusque
770 1762 1025 1804 amicorum
1054 1765 1203 1819 partes
1231 1764 1346 1804 esset
1364 1761 1617 1819 amplexus,
1644 1764 2003 1805 consentaneum

464 1837 529 1877 est
556 1847 659 1876 eum
682 1832 737 1875 ad
765 1832 887 1875 illius
915 1832 1080 1875 scholae
1102 1832 1268 1891 placita
1290 1832 1551 1884 inclinasse,
1578 1847 1674 1889 quae
1697 1847 1721 1875 a
1743 1833 2002 1876 communi-

462 1905 546 1948 bus
568 1904 713 1963 plebis
747 1903 1055 1962 opinionibus,
1087 1903 1305 1955 moribus,
1330 1903 1547 1946 institutis
1574 1903 1851 1946 abhorreret.
1877 1903 2004 1947 Cete-

463 1991 580 2029 rum,
611 1975 858 2034 pervolutis
880 1975 1274 2034 Pythagoreorum
1302 1975 1496 2033 scriptis,
1521 1989 1615 2017 non
1639 1974 1694 2017 ad
1719 1974 2002 2034 philosophi-

465 2063 538 2091 cas
566 2047 729 2099 solum,
765 2061 862 2104 quae
893 2046 1073 2105 proprie
1107 2045 1336 2098 dicuntur,
1371 2046 1423 2089 de
1457 2060 1609 2089 rerum
1639 2049 1716 2088 aut
1743 2046 2002 2090 animorum

463 2122 626 2162 natura
668 2117 982 2177 indagationes
1022 2118 1354 2170 instruebatur;
1398 2117 1475 2161 sed
1514 2132 1649 2175 quem
1681 2116 1777 2175 jam
1811 2118 2005 2162 habebat

464 2190 649 2233 musicae
668 2205 817 2243 usum,
841 2190 1083 2233 modorum
1105 2191 1278 2233 ratione
1308 2194 1351 2233 et
1372 2189 1577 2233 doctrina
1599 2189 1917 2233 confirmabat:
1942 2190 2003 2233 ita

465 2265 512 2304 ut
527 2260 918 2320 Pythagoreorum
934 2262 1184 2321 disciplinae
1206 2262 1424 2305 beneficio
1447 2261 1847 2321 praestantissimus
1863 2261 2005 2305 eitha-

466 2333 574 2375 rista
586 2333 792 2387 evaserit,
809 2337 857 2377 ut
869 2349 923 2377 ex
938 2332 1298 2392 fragmentojam
1309 2348 1444 2392 supra
1456 2332 1637 2376 laudato
1648 2333 1947 2391 intelligimus
1970 2336 1999 2376 ¹.

466 2404 657 2447 Necnon
673 2404 769 2463 ipsa
790 2403 886 2462 ejus
907 2405 1083 2463 poetica
1103 2419 1239 2463 opera
1254 2404 1359 2447 inde
1380 2404 1615 2463 proprium
1637 2403 1836 2447 colorem
1856 2407 2003 2448 traxe-

467 2479 588 2528 runt,
619 2475 950 2534 dithyrambica
984 2476 1233 2535 praesertim
1270 2475 1486 2529 carmina,
1517 2479 1568 2518 ut
1595 2474 1692 2533 jam
1726 2490 1861 2534 supra
1885 2475 2002 2518 vidi-

466 2558 568 2586 mus
592 2545 618 2586 1.
644 2544 815 2602 Itaque,
840 2549 1034 2603 acceptas
1053 2544 1268 2588 doctrinae
1296 2559 1485 2597 memor,
1507 2543 1808 2587 admiratione
1824 2559 2004 2587 summa

469 2614 735 2673 Pythagorae
756 2615 994 2673 ingenium
1022 2615 1392 2673 prosequebatur,
1417 2629 1551 2673 quem
1574 2615 1622 2657 in
1643 2615 1799 2673 elegiis
1820 2618 1870 2658 ut
1889 2615 2007 2659 inter

468 2685 682 2729 mortales
702 2687 1114 2744 prudentissimum
1135 2690 1178 2730 et
1198 2686 1586 2746 sapientissimum
1606 2685 1884 2730 laudaverat.

511 2864 537 2892 1.
562 2862 646 2894 Vide
667 2871 785 2904 supra,
809 2872 842 2904 p.
865 2864 914 2894 64.

510 2910 539 2940 2.
560 2910 643 2942 Vide
666 2920 783 2953 supra,
809 2920 843 2952 p.
861 2911 910 2942 67.
