2125 3534
287 373 357 401 res
377 357 495 401 male
517 356 728 400 audiebat
750 355 868 415 apud
891 355 1012 399 cives
1034 369 1138 398 suos
1160 354 1372 406 Pericles,
1395 356 1438 396 et
1455 351 1667 394 malevoli
1690 351 1743 395 de
1764 366 1815 394 eo

285 442 491 472 rumores
510 427 771 471 ferebantur
791 428 820 479 ¹,
839 427 913 485 qui
930 427 1128 486 primum
1144 426 1197 469 ab
1214 425 1411 468 inimicis
1430 423 1620 476 inventi,
1635 438 1660 466 a
1678 421 1818 466 comi-

285 500 348 543 cis
369 499 512 558 poetis
531 499 578 541 in
596 498 746 556 majus
767 498 887 541 aucti
910 499 939 551 9,
964 498 1084 541 fama
1105 498 1201 556 ipsa
1222 499 1471 547 creverant,
1497 498 1539 537 et
1561 509 1585 537 a
1609 494 1818 537 multitu-

285 570 388 614 dine
410 570 657 614 criminum
691 584 870 627 semper
890 569 1020 612 avida
1041 584 1092 612 eo
1114 569 1292 612 facilius
1320 566 1678 625 excipiebantur,
1700 566 1819 625 quod

284 642 457 701 privata
478 641 562 684 viri
592 641 698 694 vita,
732 640 805 683 vel
834 644 1015 699 propter
1047 640 1191 683 solam
1216 639 1417 698 Aspasiae
1445 638 1815 691 familiaritatem,

283 727 375 757 non
409 712 505 755 sine
539 711 890 771 reprehensione
924 711 1075 769 aliqua
1102 726 1197 754 esse
1228 708 1512 769 gravioribus
1540 708 1820 766 austerisque

282 783 544 827 hominibus
563 783 704 826 videri
717 785 905 841 poterat.
925 782 1055 825 Haud
1073 783 1222 841 inepte
1244 780 1428 840 quidem
1443 780 1528 823 hoc
1543 779 1707 823 fabulae
1728 794 1820 822 suae

283 858 603 914 argumentum
634 854 808 907 Ionem,
844 855 879 897 si
907 853 1045 897 modo
1069 854 1218 912 elegit,
1246 853 1435 911 elegisse
1471 850 1707 894 fatendum
1735 853 1815 893 est.

280 926 333 969 In
354 925 577 969 Periclem
608 926 730 969 enim
761 929 804 969 et
823 925 1065 985 Aspasiam
1098 925 1267 968 mirum
1295 924 1342 967 in
1378 922 1567 966 modum
1599 921 1822 966 cadebant

281 1011 577 1055 quaecumque
606 996 658 1039 de
679 997 888 1040 Herculis
916 997 963 1039 in
987 996 1260 1055 Omphalam
1290 1009 1442 1038 amore
1476 996 1608 1053 poeta
1640 993 1822 1037 volebat

282 1068 511 1127 effingere.
534 1067 932 1120 Quemadmodum
961 1067 1194 1120 Hercules,
1217 1066 1417 1126 Olympii
1439 1066 1563 1109 Jovis
1596 1064 1732 1117 filius,
1765 1063 1820 1107 ad

283 1140 450 1199 reginae
472 1139 606 1198 pedes
634 1139 896 1197 languebat,
927 1139 1108 1182 virtutis
1129 1139 1427 1196 laborumque
1455 1137 1714 1189 immemor,
1739 1150 1820 1178 ne-

284 1226 367 1269 que
385 1210 481 1268 jam
503 1211 643 1254 ullam
666 1210 847 1253 laudem
873 1225 924 1253 eo
955 1210 1141 1253 nomine
1170 1209 1354 1267 dignam
1376 1223 1472 1252 esse
1500 1207 1816 1260 arbitrabatur,

282 1282 370 1325 nisi
391 1281 589 1325 barbarae
614 1282 819 1324 mulieris
848 1296 1005 1324 servus
1034 1281 1194 1333 factus,
1220 1280 1430 1323 omnibus
1452 1279 1678 1338 lydiarum
1706 1278 1819 1322 deli-

283 1354 455 1397 ciarum
471 1352 695 1396 illecebris
710 1353 949 1405 frueretur,
968 1353 1028 1395 ita
1042 1352 1254 1405 Pericles,
1272 1351 1510 1410 Olympius
1528 1350 1620 1403 ille,
1636 1349 1819 1393 Milesiae

282 1424 533 1468 meretricis
567 1423 910 1482 pulchritudine
939 1423 1191 1476 devinctus,
1226 1422 1555 1481 rempublicam
1583 1421 1821 1464 videbatur

281 1496 503 1547 oblivisci,
528 1499 585 1549 et,
611 1510 746 1553 quam
768 1510 793 1538 a
813 1495 991 1538 civibus
1025 1495 1117 1537 suis
1145 1497 1394 1552 acceperat,
1426 1493 1741 1536 auctoritatem
1773 1493 1820 1536 in

281 1566 561 1610 mulierculae
595 1580 759 1608 manus
791 1564 983 1618 tradere,
1017 1580 1115 1623 quae
1144 1580 1224 1608 suo
1247 1565 1347 1607 loco
1368 1563 1719 1608 Atheniensium
1749 1579 1820 1608 res

283 1641 459 1696 gereret
491 1641 532 1681 et
563 1652 792 1680 summam
833 1640 1103 1696 potestatem
1146 1640 1389 1680 exerceret.
1422 1636 1524 1679 Non
1556 1635 1694 1679 aliam
1725 1636 1820 1679 vim

284 1710 430 1752 inesse
460 1708 714 1768 putandum
744 1712 810 1751 est
839 1708 1079 1766 Dejcmirae,
1108 1708 1313 1761 Jemom's,
1349 1707 1531 1751 Helen&
1567 1707 1816 1760 vocabulis,

284 1780 447 1839 quibus
469 1781 631 1824 comici
664 1784 806 1839 poetae
835 1780 954 1823 soliti
989 1783 1119 1823 erant
1139 1779 1380 1839 Aspasiam
1414 1779 1666 1838 designare.
1686 1779 1821 1823 Vole-

283 1852 392 1895 bant
414 1867 578 1911 nempe
598 1852 680 1905 illi,
700 1852 746 1894 ni
761 1852 909 1905 fallor,
935 1852 1189 1910 significare
1210 1851 1390 1895 virilem
1409 1851 1597 1895 Periclis
1615 1850 1819 1894 animum

284 1923 550 1966 meretriciis
572 1923 772 1967 artificiis
801 1923 999 1982 sopitum
1019 1938 1115 1966 esse
1143 1927 1185 1966 et
1205 1923 1473 1983 impotentia
1499 1922 1712 1966 muliebri
1739 1921 1820 1965 do-

284 1995 462 2047 mitum,
483 1993 671 2053 ejusque
692 1995 864 2054 ingenii
884 1995 1003 2038 vires
1020 1993 1340 2053 conjugalibus
1354 1993 1580 2037 illecebris
1603 2008 1700 2036 esse
1722 2007 1821 2036 suc-

284 2066 414 2110 cisas.
439 2065 608 2110 Eadem
636 2066 856 2109 nimirum
883 2065 982 2109 Ioni
1016 2066 1240 2110 sententia
1265 2066 1364 2119 fuit,
1398 2065 1489 2124 qui,
1519 2068 1571 2108 ut
1599 2080 1625 2108 a
1645 2063 1820 2107 Pericle

283 2137 636 2181 Atheniensium
667 2140 843 2180 mentes
877 2136 1136 2192 deterreret,
1168 2140 1435 2197 regnantem
1461 2136 1509 2179 in
1536 2135 1719 2179 civitate
1746 2149 1820 2178 os-

286 2208 509 2261 tendebat,
531 2223 610 2267 pro
632 2208 905 2267 sapientium
925 2208 1130 2253 virorum
1147 2210 1380 2253 voluntate
1401 2211 1444 2252 et
1460 2206 1716 2267 prudentia,
1737 2206 1821 2250 im-

284 2279 459 2339 pudicae
481 2283 524 2322 et
543 2279 743 2323 barbarae
765 2279 970 2323 mulieris
997 2278 1250 2322 libidinem.

343 2351 413 2394 Ab
433 2350 652 2410 Omphala
667 2366 774 2394 sane
791 2365 885 2393 non
903 2350 1089 2394 aberant
1111 2365 1345 2394 coenarum
1364 2350 1636 2409 spectacula,
1655 2349 1819 2409 quibus

285 2422 361 2466 vix
378 2437 531 2466 carere
552 2426 726 2481 poterat
748 2422 902 2465 fabula
927 2422 975 2465 in
996 2437 1083 2480 qua
1101 2421 1319 2466 Hercules
1351 2437 1593 2481 personam
1623 2421 1819 2466 sustine-

284 2494 374 2538 bat.
399 2493 466 2537 Ita
485 2508 530 2537 se
553 2508 648 2536 rem
669 2493 880 2537 habuisse
902 2493 1008 2536 satis
1030 2494 1126 2553 ipsa
1147 2493 1402 2552 fragmenta
1420 2493 1584 2538 docent
1604 2506 1612 2536 :

470 2623 688 2671 Agitedum,
712 2623 872 2671 puellae;
894 2624 1042 2660 auferte

326 2779 353 2809 1.
377 2778 563 2817 Plutarch„
582 2777 742 2817 Pericles,
758 2779 852 2810 XIII:
873 2779 915 2810 cf.
938 2778 1085 2811 XXXIII.

324 2826 353 2855 2.
378 2825 583 2856 Plutarchus
602 2825 775 2866 (Pericles,
793 2826 941 2869 XXXIII)
965 2836 1086 2858 versus
1112 2825 1292 2869 Hermippi
1313 2826 1431 2860 laudat
1455 2826 1492 2858 in
1517 2826 1645 2867 quibus
1669 2826 1817 2859 Pericles

289 2871 425 2915 βασιλεῦ
441 2872 582 2913 σατύρων
601 2873 757 2906 vocatur.
