2125 3534
1047 268 1277 309 ,29-

393 382 657 442 grammatis
678 381 917 424 materiam
932 379 1140 424 habuerit
1166 395 1220 423 ex
1244 379 1487 423 Plutarcho
1509 378 1678 422 scimus
1700 379 1727 421 ¹.
1751 378 1926 432 Cimon,

393 469 497 498 cum
526 452 878 496 Atheniensium
906 451 1038 494 classi
1081 451 1335 509 praefectus,
1370 450 1585 493 adversus
1614 449 1805 492 Eionem
1848 464 1932 492 na-

390 525 602 583 vigasset,
628 539 715 582 quo
738 523 874 566 etiam
902 526 1000 565 tum
1021 522 1168 565 Persai
1197 523 1243 565 in
1264 521 1538 564 Macedoniae
1565 520 1792 563 littoribus
1818 530 1929 579 prae-

391 596 504 639 sidio
526 595 829 654 potiebantur,
855 593 1073 652 oppidum
1094 593 1225 637 valde
1252 593 1482 635 munitum
1504 595 1548 635 et
1569 606 1594 634 a
1610 591 1718 634 viris
1739 591 1929 635 illustri-

392 667 492 719 bus,
533 666 674 725 ipsius
707 665 840 724 Regis
877 665 1097 723 cognatis,
1141 664 1396 716 defensum,
1422 663 1477 706 ad
1513 662 1789 705 deditionem
1814 662 1933 705 fame

394 737 597 796 subegit3
628 738 795 780 Boutes
817 739 986 789 autem,
1018 736 1110 779 sive
1139 736 1301 793 BogeS,
1333 723 1409 793 qui
1442 734 1664 777 moenium
1682 733 1934 776 defensioni

395 808 663 868 praepositus
686 810 795 860 erat,
822 807 1135 865 desperatione
1163 806 1385 849 adductus
1407 809 1488 857 est,
1520 808 1570 848 ut
1593 805 1752 848 urbem
1779 805 1937 848 incen—

396 880 463 923 dis
486 880 682 923 dirueret
703 882 835 936 atque
857 878 904 920 in
925 878 1079 936 ignem
1102 893 1148 921 se
1169 892 1273 921 011111
1301 877 1469 919 divitiis
1491 876 1583 919 suis
1605 875 1827 934 injiceret,
1854 875 1936 919 du-

396 952 459 995 cis
511 950 771 1009 exemplum
816 949 1101 992 imitantibus
1149 948 1445 991 nobilissimis
1493 945 1654 990 ceteris
1693 944 1935 988 Persarum

394 1021 744 1082 imperatoribus
765 1023 898 1076 (anno
922 1022 1004 1063 470
1023 1023 1114 1062 ant.
1136 1019 1215 1062 Ch.
1235 1020 1361 1073 nat).
1381 1019 1437 1063 Ut
1453 1017 1653 1061 victoriae
1667 1015 1936 1059 memoriam

396 1094 692 1145 celebrarent,
717 1091 1021 1134 Athenienses
1045 1090 1220 1133 Cimoni
1246 1092 1571 1133 concesserunt
1586 1092 1637 1131 ut
1663 1091 1751 1130 tres
1767 1087 1939 1130 colum-

395 1181 492 1218 nas,
527 1165 718 1207 Hermas
761 1163 947 1215 scilicet,
979 1165 1231 1205 exstrueret
1258 1162 1286 1204 2.
1326 1161 1407 1203 Ille
1445 1163 1614 1210 autem,
1656 1173 1761 1202 cum
1802 1157 1941 1201 vellet

397 1236 576 1280 Hermis
601 1235 929 1294 epigrammata
960 1233 1233 1291 insculpere,
1261 1231 1560 1284 Simonidem,
1592 1229 1940 1274 celeberrimum

398 1323 449 1352 ea
464 1310 593 1351 aetatc
616 1305 752 1363 hujus
767 1305 946 1363 generis
962 1304 1219 1347 carminum
1235 1303 1518 1362 scriptorem,
1537 1317 1629 1345 non
1646 1301 1793 1360 potuit
1814 1299 1940 1343 adhi-

399 1379 518 1431 bere,
544 1377 620 1435 qui
651 1376 705 1419 ad
727 1376 972 1418 Hieronem
1003 1374 1159 1433 paucis
1187 1377 1291 1416 ante
1313 1373 1444 1416 annis
1475 1374 1570 1429 (476
1602 1375 1694 1415 ant.
1721 1371 1799 1415 Ch.
1825 1371 1938 1428 nat.)

400 1465 446 1493 se
469 1448 724 1507 recepisset.
750 1447 864 1489 Tum
886 1446 941 1489 ad
960 1446 1206 1488 familiares
1237 1460 1359 1497 suos,
1384 1448 1433 1487 ut
1453 1444 1647 1496 videtur,
1674 1458 1937 1496 converSUS,

401 1521 437 1564 si
465 1535 599 1578 quem
633 1518 875 1570 inveniret,
901 1517 973 1560 cui
1006 1516 1251 1559 extollendi
1280 1516 1494 1559 facinoris
1523 1515 1591 1558 sui
1618 1530 1786 1558 munus
1817 1529 1942 1558 com-

401 1593 616 1643 mitteret,
651 1605 752 1633 eam
780 1604 938 1632 curam
966 1588 1064 1631 Ioni
1092 1587 1397 1640 demandavit,
1417 1602 1553 1645 quem
1583 1586 1834 1645 patrocinio
1863 1600 1943 1629 suo

402 1663 627 1714 tuebatur,
658 1665 701 1704 et
730 1661 805 1718 qui
834 1659 931 1718 jam
964 1663 1077 1712 tum,
1114 1663 1163 1702 111
1197 1657 1362 1716 conjici
1392 1661 1556 1717 potest,
1587 1658 1739 1716 aliqua
1773 1657 1945 1716 ingenii

401 1734 533 1778 laude
555 1732 674 1792 apud
702 1732 872 1775 amicos
902 1732 1179 1774 innotuerat.
1212 1730 1308 1773 Imo
1331 1745 1453 1783 vero,
1485 1745 1577 1772 non
1602 1729 1882 1781 dissentiam,
1908 1728 1945 1771 si

399 1806 498 1864 quis
519 1805 732 1863 opinetur
752 1806 961 1846 nostrum
985 1806 1145 1861 sponte
1168 1817 1250 1844 sua
1268 1816 1436 1859 magno
1460 1801 1563 1844 duci
1587 1800 1791 1844 carmina
1812 1800 1943 1843 obtu-

398 1877 518 1929 lisse,
564 1875 680 1934 grati
717 1875 857 1918 animi
898 1874 1034 1917 simul
1074 1873 1479 1931 admirationisque
1513 1873 1694 1932 pignus.
1734 1871 1945 1915 Carmina

402 1948 497 1992 haec
521 1950 627 1991 sunt
652 1960 660 1988 :

496 2076 668 2110 Fuerunt
687 2073 861 2119 profecto
885 2071 1000 2106 etiam
1022 2069 1375 2114 fortis-animi—viri,
1400 2070 1466 2115 qui
1485 2068 1681 2115 quondam
1702 2068 1900 2104 Medorum

499 2136 599 2170 natis
621 2133 723 2179 apud
742 2133 915 2175 Eionem,
940 2130 987 2165 ad
1010 2130 1225 2175 Strymonis
1246 2129 1399 2173 fluctus,

500 2195 642 2229 Falnen
664 2192 864 2227 ardentem
886 2190 1166 2237 glacialemque
1195 2190 1352 2224 Martem
1378 2188 1570 2235 (frigidam
1591 2190 1757 2223 mortem
1784 2186 1946 2234 scilicet)

502 2253 617 2300 primi
638 2253 871 2287 invenerunt
890 2250 1061 2285 hostium
1082 2249 1247 2284 ruinam.
1708 2248 1946 2294 [inferentes,

502 2366 671 2402 Ducibus
689 2368 818 2400 autem
840 2364 1000 2410 praemia
1019 2364 1100 2399 haec
1123 2363 1380 2398 Athenienses
1403 2362 1606 2406 dederunt,

503 2438 571 2472 pro
593 2425 781 2461 beneficio
804 2427 842 2459 et
862 2434 1000 2470 magna
1020 2424 1159 2458 virtute
1185 2435 1191 2458 :

502 2487 591 2528 Quae
613 2486 678 2531 qui
700 2484 838 2519 viderit
856 2484 971 2518 etiam
991 2483 1092 2518 inter
1112 2485 1299 2529 posteros,
1325 2493 1368 2517 eo
1390 2482 1510 2529 magis
1531 2481 1634 2516 volet

502 2556 571 2591 pro
592 2556 632 2580 re
654 2544 851 2579 communi
873 2546 1071 2578 certamen
1093 2542 1272 2590 (virtutis)
1297 2543 1409 2578 lnire.

410 2673 516 2706 quam
541 2662 584 2694 ad
615 2663 747 2700 Ionem,
775 2662 891 2693 ionica
920 2663 1023 2703 gente
1043 2661 1234 2700 hominem,
1261 2662 1336 2693 111111
1364 2660 1508 2692 Athenis
1528 2660 1818 2698 commorantem,
1849 2660 1951 2700 cujus

410 2711 588 2753 poeticum
614 2709 795 2751 ingenium
816 2709 922 2740 etiam
943 2711 1018 2740 tum
1039 2710 1125 2740 rude
1147 2710 1221 2740 erat
1239 2711 1271 2740 et
1292 2718 1417 2750 parum
1438 2707 1716 2740 corroboratum.
1738 2706 1835 2738 Adde
1858 2706 1953 2748 quod

412 2760 474 2790 lon
491 2758 626 2789 Cimoni
641 2757 877 2788 amicissimus
900 2758 973 2788 erat
994 2758 1027 2788 et
1049 2758 1122 2797 ejus
1140 2757 1336 2798 patrocinio
1353 2756 1527 2788 utebatur.
1545 2774 1583 2777 —
1598 2755 1722 2786 Totum
1738 2755 1956 2796 epigramma

412 2805 542 2846 legitur
561 2805 653 2845 apud
668 2804 879 2842 AEschinem,
900 2804 939 2835 Ιη
962 2804 1126 2846 01031ρ11.,
1148 2805 1201 2835 184
1218 2813 1294 2845 sqq.
1311 2805 1344 2835 01
1363 2803 1456 2846 apud
1477 2802 1714 2840 Plutarchum,
1737 2802 1865 2841 Cimon,
1882 2801 1952 2835 Vll.

455 2854 483 2883 1.
507 2851 696 2889 Plutarch„
717 2851 846 2889 Cimon,
869 2851 940 2883 VII.

455 2901 484 2931 2.
506 2900 695 2938 AEschines,
714 2900 753 2931 Ιη
773 2899 937 2940 Οἰεεί])]ι.,
960 2900 1027 2931 183.
