2125 3534
841 282 896 287 ——
929 259 981 299 :353
1014 283 1068 287 —

193 368 289 427 ipse
310 382 401 410 non
423 367 594 427 prodit3
617 365 692 408 sed
715 380 739 407 a
767 365 967 409 Platonis
992 367 1231 424 interprete
1252 366 1467 409 doeemur
1485 381 1537 408 ex
1559 381 1713 409 eorum

192 453 382 481 numero
413 438 550 481 fuisse
584 437 815 481 Cratinum
845 439 853 462 ¹
894 451 902 479 :
939 438 1012 495 qui
1046 438 1241 496 profecto
1275 453 1365 480 non
1395 436 1517 479 solus
1549 439 1717 480 exstitit

191 508 314 551 illius
334 508 559 567 opprobrii
580 511 749 550 auctor.
769 508 893 550 Multi
917 508 1038 550 enim
1055 507 1284 550 como-‹lia›
1301 508 1463 550 veteris
1479 508 1717 565 seriptmes

193 579 394 622 infensos
414 578 575 621 Pericli
597 578 773 621 animos
795 578 1034 635 gerebant:
1057 593 1246 635 quorum
1270 579 1419 636 plures
1441 578 1573 620 etiam
1595 578 1717 620 labu-

191 650 338 693 larum
350 652 668 707 argumentum
684 649 869 691 traxisse
880 652 1120 707 potuerunt
1135 664 1185 691 ex
1206 649 1412 692 llereulis
1427 652 1467 691 et
1484 647 1716 706 Omphala*

192 720 437 764 connubio.
470 719 592 762 Inter
621 734 696 762 eos
725 719 856 762 liceat
890 719 1171 777 Archippum
1204 734 1467 770 memorare,
1492 719 1566 776 qui
1601 718 1717 761 cirea

193 805 293 834 eam
322 794 499 834 aetatem
524 790 715 848 vigebat,
747 805 834 847 qua
861 789 1051 833 decessit
1075 789 1268 832 Pericles
1290 791 1318 832 ².
1345 789 1621 833 Comoediam
1644 789 1717 831 ille

193 864 507 919 composuerat
532 875 584 903 ex
602 859 733 918 cujus
758 860 902 908 titulo,
927 867 1103 918 Ἡρακλῆς
1120 873 1259 917 γαμῶν,
1283 861 1467 903 forsitan
1491 860 1595 903 licet
1615 875 1719 902 con-

187 930 329 989 jicere
348 934 524 990 poetam
547 930 599 973 de
618 931 805 988 Aspasia
830 935 871 973 et
889 930 986 987 ejus
1010 932 1217 974 familiari
1240 931 1408 989 aliquid
1430 931 1716 989 expressisse.

192 1001 354 1045 Paucis
382 1004 481 1059 post
502 1001 633 1043 annis
655 1001 926 1044 Nicochares
949 1002 1153 1045 eamdem
1178 1002 1410 1044 materiam
1439 1001 1646 1059 arripuit3
1677 1004 1722 1043 at

190 1073 416 1115 incertum
449 1071 589 1114 videri
627 1074 770 1129 polest
800 1087 909 1114 num
943 1073 1048 1130 quid
1083 1073 1135 1115 ‹le
1173 1073 1357 1115 Periclis
1389 1071 1618 1115 amoribus
1646 1071 1721 1113 ille

191 1142 436 1195 tradiderit,
463 1157 567 1185 eum
595 1143 843 1200 praesertim
879 1143 996 1186 haud
1028 1145 1086 1186 ita
1116 1144 1267 1202 paucis
1314 1147 1413 1202 post
1457 1142 1721 1184 defunctum

192 1213 414 1257 Periclem
459 1213 614 1265 annis,
652 1214 858 1256 confecto
899 1213 995 1271 jam
1030 1214 1413 1272 Peloponnesiaco
1458 1213 1596 1262 bello,
1639 1213 1721 1254 llo-

192 1284 330 1327 ruerit
352 1285 380 1326 3.
412 1283 542 1336 Quod
572 1298 677 1326 vero
710 1285 900 1342 pertinet
926 1285 978 1327 ad
1011 1285 1251 1343 Omplzalas·
1271 1285 1324 1327 al)
1348 1284 1607 1342 Antiphane
1630 1286 1671 1325 et
1697 1297 1722 1325 a

192 1354 372 1398 Cratino
396 1353 594 1412 juniore,
622 1355 794 1407 mediae,
820 1360 867 1398 ut
895 1356 1072 1409 «licitur,
1098 1355 1327 1399 eonumliae
1355 1356 1511 1413 poetis,
1536 1368 1721 1411 compo—

193 1426 316 1479 sitas,
352 1440 454 1469 vere
496 1426 609 1468 mihi
653 1426 855 1469 dicturus
897 1443 992 1469 esse,
1026 1427 1179 1470 videor
1212 1427 1384 1469 fabulas
1418 1426 1517 1468 illas
1550 1425 1602 1467 de
1637 1425 1722 1467 diis

194 1497 359 1555 potius⁷
405 1496 457 1539 de
499 1497 706 1540 llereulis
746 1498 1018 1550 heluatione,
1062 1498 1114 1540 de
1159 1498 1393 1556 epularum
1436 1496 1723 1555 apparatibus

194 1568 352 1626 egisse,
375 1567 449 1625 qui
477 1571 574 1610 tum
593 1583 691 1611 mos
714 1568 905 1626 vigebat,
932 1583 1066 1626 quam
1089 1569 1141 1612 de
1167 1568 1337 1611 Pericle
1365 1572 1406 1611 et
1424 1567 1521 1625 ejus
1542 1574 1719 1620 πολιτείᾳ.

250 1639 310 1682 At
351 1638 671 1697 tragoediarum
717 1640 1104 1698 satyricorumiple
1144 1639 1398 1682 dramatum
1432 1638 1723 1697 scriptoribus

191 1708 313 1753 haud
342 1710 486 1752 multo
519 1710 683 1762 minor,
718 1725 854 1768 quam
885 1710 1070 1753 comicis
1102 1710 1258 1769 poetiS,
1297 1709 1475 1753 videtur
1509 1722 1724 1752 concessa

191 1780 329 1823 fuisse
361 1783 558 1838 potestas
593 1781 641 1823 in
681 1796 863 1823 scenam
896 1781 1139 1824 inducendi
1174 1796 1271 1839 quae
1308 1781 1351 1823 in
1385 1781 1563 1824 civitate
1595 1794 1723 1838 gere—

190 1850 371 1894 bantur.
413 1851 469 1896 Ut
512 1851 799 1910 AEschylum,
837 1851 1098 1910 Euripidem
1131 1852 1331 1910 aliosque
1365 1851 1586 1903 omittam⁷
1628 1851 1725 1909 ipsa

192 1921 380 1965 Periclis
394 1924 522 1965 aetate
544 1922 630 1965 duo
647 1923 838 1981 satyrica
854 1922 1057 1965 dramata
1074 1926 1173 1966 acta
1193 1927 1312 1975 sunt,
1334 1936 1526 1980 quorum
1546 1921 1723 1979 utrique

196 1991 416 2051 Omphala
446 2007 614 2036 nomen
645 1993 914 2052 inscriptum
947 1997 1052 2037 erat.
1080 1994 1282 2046 Quorum
1310 1993 1502 2036 alterum
1529 1992 1723 2035 Achaeus

191 2063 459 2107 Eretriensis
483 2064 739 2122 scripserat,
763 2065 955 2107 alterum
976 2064 1057 2108 Ion
1077 2065 1230 2108 Chius.
1254 2065 1318 2108 De
1348 2064 1516 2108 Achaeo
1537 2062 1724 2106 Periclis

191 2134 459 2179 insectatore
481 2134 826 2194 disputaverunt
851 2135 926 2178 alii
944 2136 976 2178 4.

233 2343 262 2374 1.
290 2341 405 2374 Schol.
423 2342 555 2374 Platon.
578 2353 610 2384 p.
627 2343 697 2381 391,
722 2342 861 2374 Bekker
881 2354 887 2374 :
907 2343 1059 2385 Κράτινος
1073 2342 1098 2373 δ’
1113 2341 1284 2383 Ὀμφάλην
1305 2342 1456 2383 τύραννον
1473 2340 1573 2379 αὐτὴν
1591 2340 1724 2372 καλεῖ...

191 2390 247 2420 καὶ
268 2390 380 2431 ”Ηραν,
406 2390 479 2424 ἴσως
501 2390 550 2421 ὅτι
574 2390 731 2432 Περικλῆς
756 2392 826 2425 Ζεὺς
846 2390 1026 2431 Ὀλύμπιος
1046 2390 1319 2432 προσηγορεύετο.
1342 2408 1380 2412 -—-
1401 2390 1528 2420 Praeter
1547 2389 1726 2421 Cratinum

191 2436 233 2468 de
255 2437 404 2478 Aspasia
432 2438 603 2469 malevole
633 2438 739 2469 locuti
763 2447 838 2469 esse
859 2438 1023 2469 videntur
1044 2438 1265 2469 Pherecrates
1284 2437 1441 2477 (Fraqm.
1467 2436 1582 2467 comic.
1611 2446 1724 2477 yram„

192 2485 306 2523 Didot,
329 2495 362 2527 p.
391 2487 478 2527 104);
501 2485 656 2526 Eupolis,
677 2485 736 2525 qui
754 2494 830 2516 eam
851 2485 1035 2516 Chironem
1053 2484 1207 2524 <Periclis
1228 2484 1434 2524 magistrum
1452 2483 1601 2523 scilicet)
1622 2492 1726 2514 voca-

192 2534 290 2564 verat
306 2535 340 2564 et
369 2533 547 2570 Helenam,
569 2532 603 2563 id
624 2534 677 2563 est
696 2533 836 2563 Graeciae
862 2534 1007 2573 pestem.
1037 2532 1075 2562 In
1095 2531 1252 2571 ejusden]
1271 2530 1424 2562 auctoris
1444 2530 1628 2568 comoedia,
1649 2540 1726 2571 quae

191 2580 364 2622 inscripta
384 2580 450 2612 fuit
480 2579 591 2616 Φίλοι,
617 2579 808 2620 vapulabat
832 2579 980 2621 Aspasia
999 2578 1127 2619 (Schol.
1150 2578 1233 2610 Plat.
1262 2587 1297 2619 p.
1319 2578 1390 2616 332,
1411 2578 1481 2617 391,
1506 2577 1654 2609 Bekker.
1677 2578 1724 2610 Cf.

194 2628 332 2668 Fraqm.
354 2637 437 2667 com,
458 2637 572 2668 yram„
592 2627 706 2665 Didot,
725 2637 759 2668 p.
784 2628 850 2665 187,
869 2628 910 2668 6).

233 2676 262 2706 2.
282 2675 482 2717 Archippus
500 2674 634 2706 comico
656 2673 847 2705 certamine
868 2673 952 2705 vicit
968 2673 1106 2714 Olymp.
1122 2673 1158 2703 91
1180 2672 1330 2713 (415-412
1345 2673 1423 2704 ante
1442 2671 1499 2704 Ch.
1519 2672 1580 2713 n.),
1599 2681 1725 2704 secun-

194 2722 278 2754 dum
300 2721 455 2753 Suidam.
473 2721 521 2753 Cf.
542 2721 682 2761 Fraqm.
701 2721 816 2751 comio.
838 2730 952 2761 yram,
969 2720 1084 2758 Didot,
1103 2730 1135 2761 p.
1157 2720 1226 2750 270.

235 2769 264 2800 3.
285 2768 509 2807 Nicochares‚
531 2767 724 2800 seeundum
746 2767 953 2799 Boeckhium
970 2767 1018 2808 (C.
1040 2767 1065 2798 Ι.
1081 2767 1138 2799 Gr.
1161 2767 1186 2805 1,
1209 2776 1243 2808 p.
1265 2767 1336 2808 354)
1351 2766 1460 2798 vitam
1478 2765 1572 2799 ultra
1585 2765 1724 2809 Olymp.

196 2815 265 2853 106,
283 2816 300 2846 3
317 2815 388 2854 (353
409 2817 488 2848 ante
507 2815 566 2847 Ch.
581 2815 630 2855 n.)
651 2815 830 2856 produxit.

236 2864 268 2894 4.
292 2862 377 2895 Vide
398 2863 547 2902 Urlichs,
567 2862 683 2895 Achaei
699 2863 907 2896 Eretriensis
922 2873 997 2906 quae
1015 2864 1212 2905 supersunt,
1235 2872 1268 2905 p.
1290 2863 1328 2894 75
1349 2870 1425 2904 sqq.
