2125 3534
1027 264 1256 307 -50-

377 376 459 420 bus
482 377 683 420 exornati
702 377 900 430 fuerunt,
931 380 974 420 et
1005 392 1055 420 ea
1076 378 1317 422 verborum
1348 378 1567 422 suavitate
1590 376 1783 435 jucundi
1812 394 1898 437 qua

374 448 577 491 rotundae
611 451 654 491 et
688 452 848 491 teretes
877 448 1228 492 Atheniensium
1261 464 1392 492 aures
1429 448 1902 503 delectarentur3non

373 518 402 560 ii
442 534 547 563 vero
587 520 662 577 qui
702 534 834 578 supra
876 520 1150 564 mediocrem
1199 521 1485 564 altitudinem
1529 520 1712 563 sublimi
1748 521 1901 564 volatu

373 595 659 649 assurgerent
686 594 727 633 et
757 606 908 633 secum
936 596 1145 651 raperent
1179 592 1460 635 audientium
1491 595 1567 635 aut
1599 592 1900 651 spectantium

371 661 564 704 animos.
602 662 714 705 Cum
734 661 929 720 Longini
947 661 1118 720 judicio
1143 664 1310 706 mirum
1342 664 1389 706 in
1410 662 1597 705 modum
1634 663 1898 721 congruisse

370 732 547 775 videtur
581 733 932 776 Atheniensium
964 734 1167 793 ipsorum
1198 734 1250 777 de
1280 734 1387 778 Ione
1411 734 1650 777 sententia.
1679 734 1896 786 Quamvis

369 802 520 846 indole
550 804 707 847 mobili
741 808 783 848 et
808 809 956 848 amata
996 806 1154 864 pernix
1189 806 1458 864 relinquere,
1497 820 1735 864 nunquam
1766 806 1900 849 attica

370 889 480 932 gens
510 876 557 918 in
578 891 683 919 vera
704 880 938 935 poetarum
961 893 1147 921 suorum
1178 878 1342 921 virtute
1366 877 1630 921 aestimanda
1652 877 1893 931 aberravit,

369 949 413 989 et
444 947 636 1005 tragicos
670 963 773 991 suos
801 964 879 1007 pro
908 948 1126 1007 cujusque
1148 950 1320 992 meritis
1350 949 1489 992 coluit
1522 948 1717 992 assidue.
1741 949 1896 1007 Longe

370 1032 503 1076 supra
544 1019 670 1072 alios,
711 1020 795 1063 tria
821 1036 966 1064 scenae,
1003 1021 1191 1074 lumina,
1228 1021 1513 1080 [Eschylum,
1550 1020 1821 1079 Sophoclem
1856 1023 1900 1063 et

367 1088 645 1147 Euripidem,
669 1094 711 1134 et
729 1091 837 1134 dum
858 1092 1069 1134 vixerunt
1090 1095 1130 1134 et
1152 1095 1390 1150 postquam
1416 1091 1619 1135 defuncti
1648 1094 1768 1144 sunt,
1799 1096 1894 1134 stu-
1954 1107 1958 1111 ’

368 1159 451 1203 diis
470 1161 561 1203 suis
589 1166 824 1220 prosecuta
846 1166 925 1206 est.
957 1163 1048 1206 Hos
1067 1171 1237 1220 γονίμους
1256 1171 1407 1215 ποιητὰς
1428 1163 1585 1206 habuit
1609 1166 1651 1205 et
1678 1162 1805 1220 quasi
1835 1161 1899 1204 di-

366 1232 497 1275 vinos
521 1234 548 1285 ¹3
569 1233 650 1275 hos
671 1237 720 1275 ut
747 1249 798 1276 ex
825 1234 980 1276 inferis
1012 1234 1195 1277 suscitet
1222 1234 1463 1277 Plutonem
1492 1234 1719 1292 Dionysus
1752 1232 1844 1276 adit
1864 1236 1892 1275 2.

366 1304 595 1356 Attamen,
630 1305 747 1347 inter
778 1309 974 1348 ceteram
1024 1305 1204 1348 turbam
1251 1321 1343 1348 non
1390 1320 1547 1349 omnes
1578 1309 1627 1348 ut
1661 1311 1898 1362 μειρακύλλια

367 1377 409 1415 et
427 1380 660 1432 ἐπιφυλλίδας
681 1378 694 1401 3
714 1376 907 1434 respuit:
933 1380 1039 1419 sunt
1059 1392 1171 1434 quos
1192 1376 1419 1419 interdum
1441 1376 1665 1434 suffragiis
1688 1376 1778 1418 suis
1797 1390 1897 1433 pro-

364 1444 536 1488 baverit
567 1450 617 1488 ut
647 1447 876 1505 magistris
910 1448 1154 1506 proximos,
1195 1462 1455 1505 quanquam
1491 1448 1627 1505 longo
1663 1446 1895 1505 proximos

362 1517 616 1560 intervallo.
642 1518 763 1561 Inter
800 1533 875 1561 eos
908 1519 1076 1577 primas
1109 1518 1287 1561 videtur
1312 1518 1393 1561 Ion
1420 1518 1635 1571 tenuisse,
1661 1517 1894 1577 Agathoni

361 1588 655 1646 antepositus,
681 1589 890 1647 Iophonti
912 1589 1147 1649 Sophoclis
1171 1589 1262 1633 filio
1285 1593 1327 1632 et
1346 1589 1512 1633 haeredi
1534 1593 1652 1633 certe
1673 1591 1889 1646 aequatus.

363 1658 453 1702 Sub
487 1660 703 1703 archonte
739 1660 1037 1719 Epaminone,
1067 1661 1136 1704 Ol.
1166 1663 1234 1713 87,
1262 1662 1285 1703 4
1321 1660 1482 1719 (429s8)
1513 1661 1558 1703 in
1592 1660 1762 1718 tragico
1797 1674 1894 1703 cer-

360 1730 528 1773 tamine
561 1731 744 1773 tertium
778 1731 945 1783 locum,
987 1735 1086 1790 post
1114 1731 1377 1790 Euripidem
1414 1735 1456 1774 et
1490 1731 1776 1790 Iophontem,
1816 1730 1893 1788 qui

358 1801 546 1844 fortasse
578 1803 716 1860 patris
744 1804 813 1846 sui
846 1803 1020 1847 fabulas
1049 1803 1277 1856 docuerat,
1311 1806 1442 1862 poeta
1464 1806 1618 1846 noster
1639 1802 1836 1846 obtinuit
1855 1803 1887 1845 4.

359 1871 411 1915 In
438 1873 526 1915 alio
547 1888 653 1916 vero
684 1876 944 1929 certamine,
970 1875 1018 1918 in
1041 1890 1127 1933 quo
1150 1874 1435 1934 dithyrambo
1458 1874 1595 1917 simul
1615 1877 1657 1917 et
1674 1873 1892 1932 tragoedia

359 1943 411 1987 de
428 1944 578 2003 palma
600 1946 908 2000 contenderat,
930 1946 1076 2005 primo
1104 1947 1201 1990 loco
1225 1946 1388 2005 dignus
1411 1946 1590 1990 habitus
1611 1949 1678 1989 est
1697 1948 1725 1989 5.

398 2083 425 2113 1.
448 2082 640 2124 Aristoph.,
662 2083 776 2119 Rame,
801 2083 850 2113 96.

395 2130 424 2160 2.
446 2130 623 2171 Aristoph.
644 2130 758 2161 szas
779 2129 867 2160 vide.

396 2178 424 2207 3.
447 2177 638 2219 Aristoph.,
660 2178 773 2215 Ranoe,
792 2178 852 2215 893
873 2178 921 2208 92.

394 2226 423 2254 4.
444 2225 622 2266 Hippolyti
642 2224 790 2258 ὑπόθεσις
812 2234 818 2255 ;
842 2224 995 2266 ἐδιδάχθη
1021 2224 1074 2256 ἐπὶ
1091 2224 1317 2265 Ἐπαμείνονος
1338 2224 1505 2266 ἅρχοτνος,
1522 2223 1720 2264 Ὀλυμπιάδι
1740 2221 1802 2262 πζ’,
1824 2223 1886 2254 ἔτει

355 2270 389 2302 δ’.
412 2272 536 2312 Πρῶτος
556 2271 738 2313 Εὐριπίδης,
760 2271 903 2313 δεύτερος
924 2272 1044 2313 Ἰοφῶν,
1065 2272 1169 2313 τρίτος
1186 2272 1268 2303 Ἴων.

395 2319 422 2348 5.
441 2318 517 2349 Sch.
539 2318 716 2359 Aristoph.
739 2318 781 2349 ad
801 2320 932 2357 Pacem,
952 2320 1008 2350 835
1031 2330 1037 2351 :
1062 2321 1138 2361 φασὶ
1159 2319 1190 2350 δὲ
1209 2319 1305 2350 αὐτὸν
1327 2319 1408 2359 ὁμοῦ
1428 2318 1620 2360 διθύραμὸον
1640 2319 1695 2349 καὶ
1712 2316 1885 2359 τρυγῳδίαν

354 2364 588 2406 ἀγωνισάμενον
613 2366 642 2396 ἐν
665 2368 704 2407 τῇ
727 2365 858 2406 Ἀττικῇ
879 2368 1022 2404 νικῆσαι.
1042 2368 1211 2399 Liberalis
1233 2368 1349 2406 hoino,
1366 2368 1399 2398 et
1414 2367 1524 2405 dives,
1544 2368 1617 2405 Ion,
1640 2368 1678 2398 ut
1698 2366 1886 2397 victoriam

354 2423 454 2444 suam
477 2413 678 2452 celebraret,
699 2414 971 2445 Atheniensibus
989 2415 1137 2456 singulis
1157 2415 1297 2457 plenam
1315 2415 1398 2447 Chio
1419 2415 1501 2445 vino
1523 2424 1649 2446 urnam
1669 2414 1854 2446 distribuit
1876 2423 1883 2445 ε

353 2462 408 2491 ’καὶ
440 2460 561 2496 εὐνοίας
590 2462 682 2503 χάριν
710 2463 831 2502 προῖκα
859 2464 931 2504 χῖον
965 2461 1047 2493 οἶνον
1073 2463 1201 2504 πέμψαι
1222 2463 1399 2501 Ἀθηναῖοις
1419 2463 1561 2503 (SchOl.,
1586 2463 1663 2494 loeo
1690 2461 1811 2503 laud.).
1836 2461 1884 2493 Cf.

351 2508 557 2539 Athenaeum
579 2511 606 2547 1,
628 2511 645 2539 3
667 2519 673 2540 :
693 2508 707 2539 ὁ
728 2509 758 2539 δὲ
779 2511 850 2544 Χῖος
867 2509 934 2540 Ἴων
956 2510 1131 2551 τραγῳδίαν
1151 2511 1287 2549 νικήσας
1307 2510 1474 2551 Ἀθήνῃσιν
1491 2510 1617 2550 ἑκάστῳ
1635 2510 1696 2539 τῶν
1712 2509 1885 2547 Ἀθηναίων

351 2554 449 2585 ἔδωκε
481 2556 554 2586 Χῖον
584 2557 735 2597 κεράμιον
764 2566 770 2587 z
803 2566 842 2587 ex
864 2567 932 2598 quo
958 2557 1034 2589 loco
1058 2568 1165 2599 prave
1198 2558 1376 2590 intellecto
1406 2557 1675 2598 Nieberdingius
1697 2557 1766 2597 (op.
1789 2556 1883 2588 laud.

351 2614 385 2644 p.
404 2604 445 2643 5).
471 2604 649 2636 concludit
673 2619 685 2632 «
708 2605 782 2636 Ioni
807 2605 844 2636 in
864 2606 978 2647 patria
1008 2616 1071 2637 sua
1102 2616 1266 2638 vasorum
1287 2605 1448 2637 fictilium
1476 2605 1627 2636 fabricas
1654 2604 1772 2635 fuisse.
1803 2618 1817 2633 »
1847 2623 1885 2627 —

352 2651 480 2682 Praeter
498 2651 687 2693 tragoedias
708 2652 898 2684 comoedias
917 2653 1021 2684 etiam
1036 2653 1078 2684 ab
1095 2654 1175 2685 Ione
1195 2654 1343 2694 scriptas
1361 2661 1436 2683 esse
1454 2652 1501 2683 ait
1516 2651 1764 2692 Aristophanis
1779 2652 1882 2684 scho-

351 2698 456 2730 liosta
476 2700 586 2739 (Aves,
606 2699 686 2739 835).
711 2699 867 2730 Scribam
893 2699 1064 2730 erravisse
1089 2702 1215 2740 putant
1242 2699 1491 2740 Niberdingius
1513 2699 1580 2739 (op.
1611 2697 1719 2736 laud,
1742 2707 1776 2738 p.
1800 2698 1828 2737 7)
1850 2698 1884 2729 et

352 2747 521 2788 Roepkius
551 2750 618 2789 (op.
646 2746 752 2784 laud,
779 2756 811 2787 p.
842 2746 902 2785 10),
925 2748 959 2777 et
983 2746 1150 2787 κωμῳδίας
1180 2757 1242 2789 pro
1270 2745 1443 2788 τραγῳδίας
1473 2745 1669 2786 scripsisse,
1692 2745 1786 2785 quod
1818 2754 1882 2786 ego

353 2804 424 2826 non
456 2795 567 2826 ausim
600 2793 820 2825 contendere.
848 2794 931 2825 Cum
962 2794 999 2825 in
1018 2796 1069 2825 tot
1098 2795 1296 2826 studiorum
1327 2793 1515 2835 generibus
1548 2793 1609 2824 Ion
1636 2794 1793 2824 versatus
1825 2793 1881 2832 sit,

354 2843 441 2873 nihil
460 2843 576 2874 obstat
593 2842 678 2883 quin
699 2841 888 2873 comoedias
917 2842 1021 2873 etiam
1047 2851 1259 2883 componere
1284 2841 1482 2873 tentaverit.
1505 2840 1603 2881 (Vide
1629 2839 1806 2880 Wclcker‚
1826 2840 1883 2873 die

357 2890 487 2923 Grieclc.
506 2891 618 2932 Trctffi,
638 2900 671 2932 p.
692 2890 774 2931 943).
798 2889 863 2921 Sed
883 2888 924 2921 de
942 2889 985 2921 iis
1004 2889 1092 2922 nihil
1111 2890 1213 2922 nobis
1233 2889 1401 2923 traditum
1419 2889 1481 2920 est.
