2125 3534
227 407 465 467 Sophocle,
494 406 680 451 Periclis
704 406 891 465 collega,
923 407 1019 450 Chii
1047 409 1167 451 ass'uit
1196 407 1338 466 epulis
1360 420 1550 464 quarum
1578 420 1749 450 memo-

226 479 339 522 riam
358 482 511 522 noster
532 479 578 520 in
600 478 937 521 commentariis
957 479 1048 520 suis
1071 479 1247 536 reliquit
1272 480 1298 520 ¹.

284 549 382 601 Quo
404 553 604 607 tempore
626 548 826 591 Athenas
845 548 925 590 lon
946 564 1149 591 reversus
1171 549 1224 590 sit
1249 563 1404 606 parum
1423 551 1612 590 constat.
1635 547 1748 589 Nos-

225 623 292 662 ter
313 619 493 678 quidem
515 619 560 661 in
582 619 919 662 commentariis
941 619 1032 661 suis
1054 619 1277 676 quoddaiu
1299 619 1483 661 Periclis
1505 618 1557 660 de
1581 618 1752 660 Samio-

226 705 328 733 rum
350 690 468 734 bello
491 689 661 733 dictum
680 693 949 735 servaverat,
976 690 1065 746 qui,
1092 690 1256 732 recenti
1283 689 1465 732 victoria
1490 692 1682 736 tumens,
1708 704 1753 729 se

229 775 333 804 cum
367 761 710 818 Agamemnone
754 760 1010 802 conserebat
1036 762 1068 808 -';
1112 764 1151 802 at
1192 761 1413 803 incertum
1449 763 1514 800 est
1552 773 1661 801 num
1702 774 1754 800 ex

229 832 370 890 ipsius
392 831 577 874 Periclis
598 846 673 874 ore
704 830 839 873 verba
856 830 941 872 illa
964 830 1043 873 lon
1075 830 1310 881 audiverit,
1348 831 1405 873 ita
1430 834 1474 873 ut
1504 845 1594 871 11011
1618 829 1757 887 possit

230 902 444 946 affirmari
465 916 568 945 eum
586 901 776 944 Athenis
799 900 1022 959 extemplo
1043 905 1137 959 post
1160 901 1426 943 debellatam
1449 902 1631 943 Samum
1657 902 1756 957 (4:39

230 976 333 1016 ante
367 972 444 1015 Ch.
477 972 543 1029 n.)
579 986 625 1014 se
657 987 810 1015 rursus
836 971 1096 1014 contulisse.
1125 971 1242 1014 Nihil
1280 971 1332 1013 «le
1367 987 1416 1014 eo
1450 975 1551 1013 ante
1587 986 1757 1013 annum

230 1042 369 1101 429s8
398 1042 526 1085 nobis
565 1041 781 1085 traditum
804 1046 884 1089 est,
906 1057 992 1100 quo
1025 1046 1221 1100 tempore
1251 1046 1458 1084 narratur
1480 1041 1653 1084 fabulas
1678 1040 1757 1083 ‹lo—

232 1114 375 1157 cuisse
403 1113 595 1156 Athenis
617 1114 658 1154 3z
683 1112 801 1170 quod
832 1112 1049 1155 indicium
1073 1117 1135 1155 est
1167 1113 1318 1156 lenem
1342 1116 1442 1154 ante
1477 1127 1646 1155 annum
1677 1114 1757 1155 429

230 1181 420 1225 Athenis
433 1196 529 1225 0550
544 1185 900 1233 commoratum3
933 1181 1033 1223 inde
1053 1182 1187 1225 etiam
1209 1186 1394 1241 apparet
1424 1197 1526 1225 eum
1545 1181 1640 1240 jam
1662 1186 1757 1225 tum

233 1267 336 1297 cum
364 1252 537 1296 Pericle
558 1252 605 1294 in
626 1252 816 1310 gratiam
835 1252 1033 1295 rediisse.

290 1323 498 1366 Dolonis
530 1323 631 1366 vitae
654 1322 740 1366 line
769 1323 881 1366 nihil
917 1323 1024 1366 certi
1048 1323 1101 1365 ad
1136 1339 1216 1366 nos
1239 1325 1457 1382 pervenit.
1494 1323 1601 1382 Ejus
1625 1324 1757 1367 morti

232 1394 559 1453 Aristophanes
581 1394 627 1436 in
654 1396 769 1437 Pace
792 1393 997 1437 alludens
1019 1395 1047 1446 ·'‘,
1070 1409 1120 1437 eo
1145 1398 1320 1437 tantum
1342 1395 1526 1438 nominc
1554 1399 1760 1437 nostrum

234 1469 455 1509 memorat
475 1464 593 1523 quod
616 1464 832 1508 tumidius
850 1464 1239 1524 dithyramborum
1256 1480 1398 1523 genus
1417 1469 1730 1524 composuerat
1751 1478 1759 1507 :
1817 1497 1822 1507 .

235 1535 354 1579 unde
387 1535 518 1579 facilc
555 1536 741 1594 colligas
774 1535 945 1587 Ionem,
981 1536 1148 1578 omissa
1173 1535 1445 1593 jamdudum
1480 1536 1761 1595 publicarum

236 1621 387 1649 rerum
421 1620 543 1658 cura,
587 1606 797 1649 ultimam
833 1607 932 1649 vita}
967 1622 1056 1649 sua}
1087 1610 1257 1665 partem
1293 1610 1430 1649 totam
1456 1607 1585 1649 ineis
1607 1606 1764 1648 studiis

237 1677 586 1736 consumpsisse,
626 1678 786 1735 quibus
822 1678 875 1720 ab
913 1677 1215 1720 adolescentia
1249 1682 1341 1720 erat
1375 1677 1564 1720 deditus.
1607 1675 1763 1719 Exsilii

236 1753 387 1793 autem
427 1749 597 1792 auctori
621 1763 725 1791 cum
758 1752 983 1807 superstes
1012 1749 1158 1801 suerit,
1185 1749 1218 1790 si
1260 1748 1363 1806 quid
1413 1749 1457 1790 in
1491 1747 1586 1805 ejus
1615 1750 1764 1789 mente

235 1823 466 1878 supererat
504 1819 550 1862 in
609 1820 829 1863 Periclem
870 1819 1048 1862 invidia¹
1069 1855 1076 1869 ,
1130 1823 1272 1861 totum
1319 1819 1445 1864 illud.
1507 1818 1765 1876 qualecum-

235 1906 320 1949 que
339 1894 446 1943 erat,
467 1892 561 1949 ipso
577 1890 925 1934 domesticarum
941 1891 1250 1933 calamitatum
1266 1889 1477 1948 adspectu
1493 1890 1585 1932 tolli
1606 1889 1762 1947 potuit,

234 1962 396 2020 quibus
418 1961 767 2005 Atheniensium
801 1961 891 2005 dux
924 1962 1117 2004 afflictus
1151 1976 1242 2004 non
1264 1961 1557 2003 familiarium
1581 1973 1765 2003 suorum

235 2032 370 2076 modo
391 2032 468 2075 sed
489 2033 625 2075 etiam
647 2032 937 2075 inimicorum
952 2031 1308 2075 misericordiam
1331 2031 1578 2074 commovit
1598 2032 1627 2073 5.

294 2104 352 2149 Ut
370 2104 524 2162 paucis
542 2107 798 2162 repetamus
818 2118 914 2161 qua»
936 2103 982 2145 in
1005 2103 1089 2146 hoc
1112 2103 1257 2162 capite
1285 2102 1485 2160 exposita
1507 2105 1626 2154 sunt,
1647 2101 1693 2143 in
1714 2099 1768 2142 iis

240 2174 531 2218 adversarum
552 2174 802 2218 factionum
820 2174 1184 2218 contentionibus
1207 2188 1315 2232 quas
1338 2173 1454 2216 inter
1481 2187 1526 2215 se
1549 2172 1707 2215 Cimon
1727 2174 1769 2213 et

242 2245 453 2298 Pericles,
490 2245 590 2289 etsi
620 2245 718 2303 quis
746 2261 792 2288 50
827 2260 984 2288 eorum
1014 2245 1214 2303 partibus
1241 2244 1424 2296 addixit,
1456 2242 1764 2294 instituerunt,

242 2316 324 2359 Ion
355 2316 430 2359 vix
463 2315 724 2368 secundam,
762 2316 853 2359 imo
893 2316 1070 2359 tertiam
1097 2330 1336 2374 personam
1374 2313 1550 2357 videtur
1580 2314 1722 2372 egisse
1756 2327 1765 2356 2

241 2386 359 2445 quod
389 2386 586 2445 quidem,
612 2402 717 2430 cum
756 2390 936 2445 propter
960 2387 1245 2445 peregrinam
1271 2385 1368 2444 ejus
1397 2385 1637 2444 originem,
1671 2388 1767 2427 tum

239 2462 421 2518 propter
441 2458 585 2517 ipsam
612 2458 697 2501 viri
720 2457 920 2501 indolem
941 2457 1129 2500 minime
1151 2457 1319 2500 mirum
1344 2460 1422 2500 est.
1449 2456 1566 2500 Illud
1588 2471 1692 2500 vero
1718 2456 1765 2498 in

281 2618 309 2648 1.
331 2616 416 2649 Vide
432 2616 536 2656 infra,
561 2626 636 2658 cap.
654 2626 698 2647 Vl.

277 2665 306 2695 2.
330 2664 517 2702 Plutarch„
538 2663 697 2701 Pericles,
718 2663 854 2695 XXVIII
876 2672 883 2701 3
905 2663 1088 2703 θαυμαστὸν
1109 2662 1141 2694 δέ
1167 2673 1196 2693 τ’.
1217 2663 1271 2692 καὶ
1289 2662 1371 2703 μέγα
1396 2663 1552 2703 φρονῆσαι
1579 2660 1768 2692 καταπολε-

239 2711 389 2752 μήσαντα
409 2713 482 2746 τοὺς
511 2711 649 2751 Σαμίους
671 2712 765 2751 φησὶν
799 2710 895 2741 αὐτὸν
923 2710 939 2741 ὁ
964 2710 1047 2747 Ἴων,
1079 2710 1118 2745 ὡς
1144 2713 1200 2741 τοῦ
1225 2712 1280 2750 μὲν
1310 2710 1545 2751 Ἀγκμέμνονος
1578 2709 1662 2739 ἔτεσι
1690 2709 1768 2739 δέκα

241 2758 398 2800 βάρὸαρον
420 2758 531 2795 πόλιν,
548 2758 645 2789 αὐτοῦ
662 2757 692 2788 δὲ
709 2759 806 2797 μησὶν
818 2757 907 2788 ἐννέα
925 2759 998 2792 τοὺς
1009 2758 1154 2799 πρώτους
1173 2758 1227 2788 καὶ
1248 2757 1486 2792 δυνατωτάτους
1502 2757 1610 2787 Ἰώνων
1623 2756 1766 2791 ἑλόντος.

283 2807 312 2837 3.
334 2806 411 2838 Sch.
434 2806 615 2847 Aristoph.
636 2805 679 2837 ad
701 2807 833 2844 Pacem,
855 2806 924 2836 835.

283 2855 314 2885 4.
336 2854 523 2893 Plutarch„
543 2853 701 2890 Pericles,
724 2853 847 2891 XXVI3
868 2853 1026 2885 XXXVII.

288 2903 316 2934 5.
339 2902 525 2940 Plutarch,
546 2900 692 2933 Pericles
707 2909 812 2939 xxx13
832 2909 959 2932 xxxvu.
