2125 3534
843 297 1072 337 -Μ-

250 408 460 453 Ceterum
481 420 722 451 caveamus
742 422 798 450 ne
816 408 1035 452 tristiores
1063 409 1108 451 in
1131 423 1183 452 ea
1204 423 1249 452 re
1270 408 1367 451 Ioni
1385 406 1560 466 judices
1581 406 1718 449 exsis-

189 484 338 524 tamus
364 494 372 522 :
396 482 693 538 praeterquam
715 478 833 536 quod
855 480 1058 522 omnium
1078 495 1295 523 concessu
1318 479 1447 521 datur
1478 478 1580 521 huic
1599 477 1715 520 ‹fi-tati

190 551 324 595 ludus
351 549 515 608 aliquis
540 552 582 592 et
598 547 857 606 junioribus
889 550 1093 607 quawlam
1121 551 1362 607 ignoscunt
1388 549 1523 592 etiam
1552 548 1716 591 austeri

189 621 292 674 viri,
317 623 578 679 reputemus
609 618 728 661 haud
761 618 890 662 facile
920 623 1074 662 nostro
1104 620 1240 662 fuisse
1267 619 1591 677 exemplorum,
1621 633 1716 676 quae

191 695 295 736 ante
317 692 472 735 oculos
501 690 729 750 proposita
751 689 958 743 habebat,
982 691 1074 733 vim
1102 692 1309 749 ell'ugere.
1334 691 1433 733 Non
1451 689 1568 747 jure,
1594 689 1718 746 equi-

194 763 297 807 dem
318 763 474 814 fatcor,
499 762 536 804 is
565 775 699 819 agere
726 760 931 804 videatur
959 762 1033 819 qui
1065 761 1117 804 de
1145 762 1493 805 Atheniensium
1521 761 1722 803 virorum

193 834 530 891 mulierumque
557 832 791 875 sanctitate
821 836 863 875 et
884 833 1152 875 castimonia
1173 832 1397 890 judicium
1425 833 1569 875 facere
1594 830 1723 872 insti-

194 908 291 948 tuat
308 919 362 948 ex
380 904 488 947 solis
510 902 769 946 auctoribus
787 917 979 960 quorum
1001 903 1177 961 scriptis
1199 903 1251 945 de
1272 907 1524 961 temporum
1543 902 1725 944 illorum

194 975 396 1019 moribus
429 972 600 1031 aliquid
633 972 762 1016 nobis
796 972 1011 1015 traditum
1045 977 1123 1016 est.
1165 973 1332 1016 Eorum
1368 973 1489 1016 enim
1524 972 1725 1031 plerique

193 1049 302 1090 sunt
333 1043 659 1089 comoediarum
692 1044 946 1102 scriptores,
971 1059 1080 1102 gens
1102 1044 1529 1087 maledicentissima
1549 1047 1725 1093 natura,

192 1131 338 1174 neque
359 1130 562 1174 unquam
583 1116 676 1158 fere
697 1130 824 1173 aequo
854 1116 1006 1158 animo
1036 1131 1105 1157 res
1134 1116 1354 1159 a2stimare
1372 1115 1518 1167 solita,
1543 1114 1617 1172 qui
1641 1113 1724 1156 sibi

194 1186 476 1246 praecipuum
511 1186 649 1228 finem
678 1189 935 1243 proponant
960 1189 1008 1229 ut
1036 1186 1315 1243 malignitate
1349 1202 1428 1230 sua
1454 1187 1726 1244 spectatores

196 1257 431 1301 detineant
471 1260 514 1299 et
547 1255 718 1299 salibus
751 1256 843 1299 suis
882 1271 987 1299 cum
1024 1257 1294 1300 nobilissimi
1333 1256 1548 1314 cujusque
1587 1253 1726 1297 detri-

197 1331 351 1372 mento
379 1328 565 1386 plausus
587 1331 917 1371 commoveant.
945 1328 1070 1382 Quis,
1095 1332 1143 1371 ut
1172 1329 1376 1387 exemplo
1399 1332 1511 1379 utar,
1548 1327 1635 1370 nisi
1667 1340 1732 1368 se—

199 1414 306 1443 vera
335 1397 615 1442 correctione
651 1400 695 1440 et
729 1398 989 1456 exceptione
1023 1398 1243 1451 adhibita,
1270 1398 1403 1441 fidem
1437 1397 1646 1440 adhibeat
1675 1396 1730 1438 iis

200 1485 298 1528 quae
331 1468 618 1521 Plutarchus,
643 1471 797 1526 poetas
818 1468 893 1526 qui
927 1472 1021 1512 tum
1054 1469 1266 1527 vigebant
1294 1472 1500 1512 auctores
1533 1471 1748 1520 secutuS‚.

201 1540 255 1584 de
278 1539 464 1584 Periclis
494 1538 760 1582 libidinibus
793 1542 836 1582 et
865 1540 1151 1598 protervitate
1185 1540 1319 1583 refert
1341 1541 1381 1582 ¹?
1412 1539 1486 1582 Eae
1513 1539 1734 1581 nimirum

201 1612 440 1656 calumniae
474 1625 608 1653 merae
636 1613 741 1653 sunt
772 1611 1100 1655 malevolorum
1134 1611 1389 1664 hominum,
1425 1610 1731 1653 multitudinis

200 1682 382 1726 invidiae
404 1686 620 1741 tanquam
642 1683 723 1726 deo
752 1683 945 1735 cuidam,
968 1687 1015 1727 ut
1035 1684 1129 1742 ipsc
1146 1683 1414 1727 Plutarchus
1436 1683 1511 1736 ait,
1536 1682 1733 1742 quotidie

201 1754 567 1798 sacrificantium.
592 1755 653 1797 At
673 1754 851 1797 omissis
883 1758 947 1797 tot
976 1755 1286 1798 conviciorum
1320 1754 1487 1798 aculeis
1521 1753 1613 1811 qui,
1639 1752 1732 1795 sive

202 1839 256 1868 ex
282 1825 483 1884 privatis,
521 1826 613 1868 sive
648 1840 701 1868 ex
737 1825 930 1884 publicis
964 1825 1076 1868 odiis
1110 1825 1313 1884 profecti,
1350 1826 1395 1867 in
1431 1824 1736 1883 potentiorum

202 1896 373 1940 civium
405 1911 553 1940 mores
582 1895 881 1954 jaciebantur,
918 1897 1015 1954 quis
1049 1901 1115 1939 est
1144 1897 1219 1955 qui
1253 1912 1344 1939 non
1377 1897 1569 1939 fateatur
1595 1894 1737 1937 Athe-

204 1967 434 2011 niensium
476 1967 684 2025 gravitati
721 1971 764 2010 et
801 1968 1090 2011 continentiae
1129 1967 1281 2011 damni
1323 1966 1491 2026 aliquid
1531 1966 1734 2010 attulisse

205 2051 309 2081 cum
337 2042 575 2097 perpetuas
603 2038 704 2082 illas
735 2045 964 2095 πανηγύρεις,
996 2038 1125 2081 ludos
1146 2038 1350 2097 publicos
1378 2038 1473 2081 sine
1502 2038 1733 2080 intermis-

207 2107 348 2162 sione,
367 2112 417 2151 ut
437 2109 496 2151 ita
512 2108 676 2162 dicam,
696 2109 941 2153 celebratos
964 2113 1007 2153 et
1028 2110 1393 2167 frequentissima
1408 2112 1737 2152 nocturnorum

208 2179 438 2238 orgiorum
470 2195 611 2233 sacra,
636 2184 733 2223 tum
767 2180 1044 2224 advenarum
1075 2196 1127 2223 ex
1158 2180 1450 2224 orientalibus
1482 2179 1740 2238 regionibus

207 2250 427 2304 Athenas,
463 2252 556 2295 sive
587 2252 804 2295 faciendae
838 2256 1117 2304 mercaturae,
1148 2252 1239 2295 sive
1272 2251 1556 2309 voluptatum
1587 2265 1736 2302 causa,

209 2320 537 2364 confluentium
557 2321 781 2364 infinitam
808 2321 1162 2374 multitudinem,
1188 2335 1341 2365 secum
1371 2320 1490 2364 Asiae
1512 2319 1739 2363 luxuriam

209 2391 521 2434 afferentium?
542 2391 657 2435 Satis
688 2393 744 2435 sit
773 2392 1061 2445 Pausaniam,
1094 2391 1543 2436 Lacedaemoniorum
1567 2404 1735 2449 regem,

208 2476 461 2505 memorare
480 2475 488 2504 :
508 2477 594 2520 quo
616 2463 669 2506 ab
691 2478 783 2506 uno
805 2463 870 2505 sas
893 2466 959 2506 est
979 2463 1148 2506 discere
1171 2478 1257 2521 qua
1286 2462 1418 2505 multi
1447 2461 1736 2520 protervitate

208 2548 389 2577 morum
433 2534 751 2578 laboraverint.
794 2533 921 2576 Adde
960 2533 1151 2592 denique
1193 2533 1387 2577 Milesias
1429 2532 1736 2591 Ephesiasque

210 2605 485 2658 meretrices,
511 2620 609 2663 quae
630 2604 723 2647 sive
750 2603 906 2647 formae
933 2603 1284 2662 pulchritudine,
1309 2603 1402 2647 sive
1430 2603 1567 2646 etiam
1592 2601 1743 2644 illece-

210 2674 302 2719 bris
321 2675 493 2736 ingenii
515 2673 726 2718 omnibus
745 2674 1071 2734 elegantiarum
1092 2674 1346 2733 artiumque
1364 2673 1602 2717 munditiis
1618 2686 1745 2716 exor-

257 2812 286 2844 1.
302 2811 387 2844 Vide
418 2811 614 2854 praesertim
647 2810 882 2849 Plutarchum,
908 2810 1066 2849 Pericles,
1088 2810 1182 2849 XIII3
1214 2811 1247 2842 et
1272 2809 1309 2841 in
1328 2810 1466 2850 Fraqm.
1488 2807 1603 2840 comio.
1629 2816 1746 2849 qraec.,

217 2858 332 2898 Didot,
357 2869 390 2902 p.
411 2860 461 2898 36,
482 2858 662 2900 Hermippi
677 2858 808 2897 locum3
828 2857 928 2897 ibid„
954 2868 987 2900 p.
1009 2859 1078 2897 163,
1092 2857 1273 2900 Eupolidis
1290 2856 1418 2890 fabulae
1437 2865 1515 2898 quae
1539 2857 1642 2896 Δῆμοι
1668 2855 1744 2888 ins-

219 2905 333 2948 cripta
347 2908 410 2945 est,
431 2906 556 2948 fragm.
575 2907 605 2945 9,
627 2907 663 2937 10
684 2907 719 2938 et
738 2906 786 2937 13.
