2125 3534
968 288 1197 330 —06-

317 402 424 446 satis
445 404 582 454 certa,
606 401 812 459 quamvis
832 414 990 459 pauca,
1022 414 1260 459 possumus
1289 398 1529 457 conjicere.
1557 398 1624 441 Ex
1649 399 1848 443 secunda

317 472 371 515 ad
402 470 636 530 Sophoclis
663 470 913 529 Amiqonen
941 471 1180 530 hypothesi
1208 472 1218 496 ¹
1247 470 1544 528 intelligimus
1572 485 1676 512 eum
1705 470 1848 514 multa

316 558 421 587 cum
463 542 667 586 libertate
708 556 759 584 ea
796 542 1056 585 tractavisse
1101 557 1197 600 quae
1243 542 1295 585 de
1324 556 1573 599 graecarum
1614 541 1847 584 civitatum

316 614 530 658 heroibus
557 611 863 656 tradebantur.
888 612 940 655 In
962 612 1246 672 dithyrambo
1275 612 1397 655 enim
1425 615 1686 655 narraverat
1706 612 1848 655 Isme-

315 700 421 728 nam
455 688 498 727 et
530 683 807 741 Antigonam
838 698 863 726 a
890 684 1212 737 Laodamante,
1243 683 1438 727 Eteoclis
1468 682 1575 735 filio,
1605 682 1652 725 in
1679 683 1848 741 templo

314 756 507 801 ,Iunonis
530 759 652 799 ustas
674 770 783 798 esse.
807 755 1038 807 Quantum
1064 770 1114 798 ea
1137 755 1344 798 aberrent
1364 754 1417 797 ab
1440 754 1493 796 iis
1515 768 1612 811 quae
1633 769 1657 796 a
1675 753 1848 813 Sopho-

316 828 383 871 cle
402 830 715 870 memorantur
735 841 868 869 nemo
890 842 982 870 non
1003 827 1139 870 videt.
1165 827 1266 869 Non
1283 826 1429 868 multo
1451 825 1594 883 magis
1619 839 1723 882 erga
1744 824 1850 868 deos

315 914 360 942 se
391 902 673 942 reverentem
707 898 911 956 praebuit,
942 913 1133 957 quorum
1164 913 1307 956 genus
1344 901 1387 940 01
1417 897 1639 955 originem
1673 901 1848 940 mutare

314 986 430 1029 saepe
460 985 553 1014 non
584 970 828 1014 dubitabat.
869 970 940 1014 Sic
972 978 1098 1028 Καιρὸν
1128 969 1263 1012 deum
1295 969 1464 1012 dixerat
1497 983 1592 1011 esse
1613 973 1748 1010 παίδων
1772 975 1851 1015 Διὸς

313 1049 484 1084 νεώτατον
522 1055 530 1084 :
568 1041 685 1099 quod
718 1040 899 1099 quidem
934 1056 1027 1084 non
1074 1040 1467 1083 animadvertisset
1506 1038 1777 1091 Pausanias,
1813 1039 1849 1081 si

312 1114 548 1172 vulgarem
573 1113 625 1156 de
656 1113 734 1155 illo
763 1112 844 1156 deo
875 1113 1137 1171 opinionem
1166 1115 1297 1170 poeta
1327 1115 1507 1155 secutus
1529 1113 1643 1152 esset
1665 1111 1692 1153 2.
1720 1110 1849 1152 Bria-

314 1199 457 1236 reum,
489 1198 621 1241 quem
649 1184 778 1226 finxit
804 1183 1026 1226 Hesiodus
1047 1184 1181 1225 Terra
1211 1186 1253 1225 et
1287 1181 1408 1225 Coelo
1434 1186 1593 1225 natum
1615 1183 1643 1234 3,
1669 1188 1850 1228 Θαλάσσας

315 1255 459 1298 filium
490 1254 610 1297 idem
643 1254 723 1297 Ion
751 1269 846 1297 esse
879 1254 1023 1297 aiebat
1045 1255 1075 1296 4.
1112 1254 1317 1311 Denique
1348 1253 1591 1312 OEnopion,
1623 1253 1694 1297 cui
1723 1268 1849 1296 com-

314 1326 443 1368 muni
466 1340 692 1368 consensu
714 1325 886 1369 Graecia
909 1326 1163 1384 Dionysum
1182 1328 1355 1383 patrem
1377 1325 1651 1383 assignabat,
1670 1324 1846 1376 Thesei,

316 1397 351 1438 si
374 1396 471 1439 Ioni
494 1396 734 1449 credimus,
760 1396 877 1439 filius
899 1396 984 1439 fuit
1003 1398 1032 1438 5.
1058 1396 1152 1438 Hoc
1183 1396 1231 1438 in
1252 1395 1414 1438 ultimo
1442 1396 1648 1454 exemplo
1678 1395 1849 1454 perspi-

315 1482 451 1511 cuum
482 1471 547 1510 051
574 1483 661 1525 qua
691 1468 743 1510 de
772 1482 905 1511 causa
939 1467 1175 1524 antiquum
1209 1466 1263 1509 dc
1285 1466 1539 1525 (Enopione
1566 1475 1673 1521 μῦθον
1700 1470 1849 1512 muta-

311 1539 426 1582 verit
468 1553 475 1581 :
532 1553 635 1581 cum
677 1538 870 1597 [Enopio
917 1538 1132 1582 Chiorum
1172 1538 1297 1581 urbis
1338 1538 1546 1581 conditor
1590 1538 1844 1591 haberetur,

313 1610 455 1653 voluit
486 1610 687 1669 profecto
718 1614 848 1668 poeta
878 1610 1069 1668 patriam
1103 1625 1231 1653 suam
1261 1608 1454 1652 Athenis
1484 1613 1723 1668 cognatam
1752 1624 1848 1652 esse

312 1682 495 1740 fingere.
522 1681 651 1733 Quod
678 1681 733 1723 ad
765 1684 936 1724 0010105
967 1681 1141 1734 attinet,
1172 1696 1242 1724 res
1271 1684 1337 1724 est
1365 1680 1611 1724 obscurior.
1643 1682 1717 1733 At,
1747 1695 1849 1723 mea

315 1753 497 1810 quidem
524 1752 762 1805 sententia,
794 1753 879 1795 hoc
910 1753 1059 1811 ipsum
1088 1767 1166 1811 per
1187 1767 1232 1795 se
1255 1767 1348 1795 non
1376 1752 1473 1794 leve
1498 1751 1675 1810 pondus
1696 1751 1844 1804 habet,

316 1824 352 1866 si
380 1827 497 1867 recte
522 1824 734 1866 volumus
757 1824 906 1881 qualia
932 1823 1101 1867 fuerint
1132 1824 1253 1866 Ionis
1275 1823 1447 1882 tragica
1474 1838 1607 1882 opera
1625 1822 1845 1881 judicare,

315 1895 433 1953 quod
455 1896 634 1954 saepiUS,
661 1895 828 1938 omissa
847 1895 1081 1938 communi
1100 1895 1152 1938 de
1172 1895 1255 1938 diis
1283 1898 1359 1938 aut
1382 1895 1595 1938 heroibus
1616 1894 1845 1953 opinione,

314 1982 431 2010 nova
460 1967 553 2025 ipse
581 1966 748 2024 fingere
770 1981 863 2009 non
887 1966 1121 2010 dubitavit.
1148 1966 1328 2010 Etenim
1357 1981 1455 2024 quae
1481 1966 1527 2009 in
1549 1965 1849 2025 dithyrambis

315 2042 392 2081 aut
424 2038 578 2097 lyricis
612 2038 895 2096 poematibus
928 2053 1065 2081 ausus
1099 2042 1180 2091 est,
1218 2038 1374 2081 eadem
1408 2052 1515 2081 sane
1545 2037 1591 2080 in
1619 2036 1849 2096 tragoediis

314 2108 519 2152 audebat.
545 2108 663 2161 Quid
683 2111 818 2151 vero?
838 2109 999 2152 Nonne
1020 2110 1188 2153 seimus
1208 2109 1436 2168 Euripidis
1457 2108 1704 2168 praesertim
1726 2109 1848 2152 hunc

314 2195 489 2223 morem
529 2183 572 2223 et
604 2180 825 2223 rationem
859 2180 996 2223 fuisse
1030 2182 1077 2223 in
1110 2180 1436 2240 componendis
1475 2180 1766 2234 dramatibus,
1799 2183 1850 2222 ut

314 2251 432 2294 nihil
450 2266 542 2294 non
564 2251 648 2294 sibi
684 2267 953 2295 eoncessum
972 2252 1264 2296 arbitraretur
1284 2252 1332 2294 in
1356 2251 1706 2310 interpretandis
1725 2254 1848 2294 vete-

315 2322 439 2365 ribus
473 2321 525 2365 de
559 2322 642 2365 diis
676 2323 868 2365 fabulis?
902 2323 954 2365 In
994 2324 1075 2367 hac
1110 2338 1297 2382 operum
1331 2338 1517 2366 suorum
1551 2326 1674 2382 parte
1711 2322 1849 2382 igitur

316 2393 436 2436 haud
457 2393 590 2436 dubie
612 2394 873 2453 Euripidem
895 2395 1044 2453 potius
1065 2395 1268 2438 imitatus
1289 2399 1353 2438 est
1374 2398 1504 2453 poeta
1531 2394 1684 2448 Chius,
1712 2408 1846 2452 quam

355 2529 382 2559 1.
402 2528 502 2570 Apud
525 2529 704 2567 Tournier,
730 2530 912 2570 Traqefdies
938 2531 978 2561 cle
998 2530 1171 2571 Sophocle,
1198 2541 1230 2572 p.
1258 2532 1317 2561 467
1337 2541 1343 2562 z
1369 2531 1574 2568 στασιάζεται
1594 2529 1625 2560 δὲ
1646 2531 1685 2560 τὰ
1699 2531 1771 2571 περὶ
1789 2531 1846 2568 τὴν

312 2574 434 2616 ἠρωΐδα
456 2576 668 2617 {oropo-‘juva
682 2578 737 2607 καὶ
753 2579 811 2615 τὴν
832 2576 973 2618 ἀδελφὴν
998 2577 1093 2615 αὐτ-ἠς
1112 2577 1274 2618 Ἰσμήνην.
1295 2578 1330 2608 Ὁ
1350 2580 1405 2618 μὲν
1423 2578 1491 2607 Ἴων
1513 2580 1543 2608 ἐν
1562 2578 1626 2611 τοῖς
1643 2576 1846 2618 διθυράμὸοις

312 2623 580 2664 καταπρηπθῆναί
602 2635 697 2665 φησιν
722 2625 902 2667 ἀμφοτέρας
923 2625 953 2656 ἐν
977 2626 1021 2666 τῷ
1043 2625 1114 2666 ἱερῷ
1134 2627 1190 2664 τῆς
1210 2626 1306 2667 ’Ἡρκς
1328 2627 1391 2657 ὑπὸ
1412 2625 1639 2666 Λαοδάμαντος
1659 2626 1715 2655 τοῦ
1736 2624 1843 2656 Ἐτεο-

311 2669 438 2705 κλέους.

351 2719 380 2750 2.
402 2719 604 2754 Pausanias,
625 2719 662 2756 V,
692 2721 740 2751 14.

353 2768 382 2798 3.
399 2766 553 2804 Hesiod.,
578 2766 755 2806 leeoqon.,
781 2768 848 2797 149.

352 2817 381 2845 4.
401 2815 439 2846 In
462 2814 623 2846 Eudoeiae
638 2814 714 2846 loco
736 2814 827 2856 apud
851 2814 1039 2856 Koepkium
1061 2814 1211 2846 laudato.
1233 2815 1292 2854 (de
1311 2815 1404 2846 Ionis
1424 2815 1495 2846 vila
1514 2817 1547 2846 et
1567 2815 1693 2854 fraym.
1715 2823 1749 2855 p.
1778 2814 1841 2853 62).

354 2864 382 2893 5.
404 2863 442 2893 In
474 2862 636 2904 elegiacis
667 2862 791 2904 fragm.
819 2863 911 2904 apud
932 2862 1132 2904 Bergkium,
1158 2864 1235 2905 Lyr.
1263 2873 1364 2904 ¹qraee.
1392 2882 1429 2886 —
1462 2862 1508 2895 Cf.
1538 2861 1725 2901 Plutarch,
1758 2860 1842 2893 The-

314 2919 403 2947 seus,
424 2910 491 2941 XX.
